<?xml version="1.0" encoding="UTF-8"?>
<!DOCTYPE html PUBLIC "-//W3C//DTD XHTML 1.0 Transitional//EN"
    "http://www.w3.org/TR/xhtml1/DTD/xhtml1-transitional.dtd">
<html xmlns="http://www.w3.org/1999/xhtml" xml:lang="en" lang="en">
 <head>
  <title>
</title>
<meta http-equiv="Content-Type" content="text/html;charset=utf-8" />
  <meta name='ocr-system' content='tesseract 3.04.00' />
  <meta name='ocr-capabilities' content='ocr_page ocr_carea ocr_par ocr_line ocrx_word'/>
</head>
<body>
  <div class='ocr_page' id='page_1' title='image "./titiliviaburbec00alscgoog_0022.png"; bbox 0 0 2667 4717; ppageno 0'>
   <div class='ocr_carea' id='block_1_1' title="bbox 673 226 761 279">
    <p class='ocr_par' dir='ltr' id='par_1_1' title="bbox 673 226 761 279">
     <span class='ocr_line' id='line_1_1' title="bbox 673 226 761 279; baseline -0.011 -2"><span class='ocrx_word' id='word_1_1' title='bbox 673 226 761 279; x_wconf 80' lang='lat' dir='ltr'>xvnr</span> 
     </span>
    </p>
   </div>
   <div class='ocr_carea' id='block_1_2' title="bbox 9 365 1333 3775">
    <p class='ocr_par' dir='ltr' id='par_1_2' title="bbox 9 365 1333 3775">
     <span class='ocr_line' id='line_1_2' title="bbox 204 365 1195 475; baseline -0.006 -26"><span class='ocrx_word' id='word_1_2' title='bbox 204 412 212 423; x_wconf 36' lang='grc' dir='ltr'><em>ι</em></span> <span class='ocrx_word' id='word_1_3' title='bbox 240 374 354 475; x_wconf 90' lang='lat' dir='ltr'>legem</span> <span class='ocrx_word' id='word_1_4' title='bbox 385 372 588 474; x_wconf 79' lang='lat' dir='ltr'>oportebat,</span> <span class='ocrx_word' id='word_1_5' title='bbox 622 397 670 447; x_wconf 87' lang='lat' dir='ltr'>ne</span> <span class='ocrx_word' id='word_1_6' title='bbox 700 370 765 472; x_wconf 88' lang='lat' dir='ltr'>qui</span> <span class='ocrx_word' id='word_1_7' title='bbox 794 368 867 475; x_wconf 89' lang='lat' dir='ltr'>loci</span> <span class='ocrx_word' id='word_1_8' title='bbox 893 392 978 445; x_wconf 81' lang='lat' dir='ltr'>vere</span> <span class='ocrx_word' id='word_1_9' title='bbox 1015 365 1195 456; x_wconf 85' lang='lat' dir='ltr'>emendati</span> 
     </span>
     <span class='ocr_line' id='line_1_3' title="bbox 240 480 1196 587; baseline -0.01 -22"><span class='ocrx_word' id='word_1_10' title='bbox 240 489 467 577; x_wconf 80' lang='lat' dir='ltr'>haberentur,</span> <span class='ocrx_word' id='word_1_11' title='bbox 491 486 561 563; x_wconf 87' lang='lat' dir='ltr'>nisi</span> <span class='ocrx_word' id='word_1_12' title='bbox 587 510 739 587; x_wconf 85' lang='lat' dir='ltr'>quorum</span> <span class='ocrx_word' id='word_1_13' title='bbox 764 484 878 560; x_wconf 86' lang='lat' dir='ltr'>oratio</span> <span class='ocrx_word' id='word_1_14' title='bbox 903 508 948 558; x_wconf 79' lang='lat' dir='ltr'>ex</span> <span class='ocrx_word' id='word_1_15' title='bbox 973 480 1118 583; x_wconf 87' lang='lat' dir='ltr'>optimis</span> <span class='ocrx_word' id='word_1_16' title='bbox 1143 491 1196 556; x_wconf 87' lang='lat' dir='ltr'>at·</span> 
     </span>
     <span class='ocr_line' id='line_1_4' title="bbox 243 595 1207 706; baseline -0.01 -28"><span class='ocrx_word' id='word_1_17' title='bbox 243 628 314 706; x_wconf 90' lang='lat' dir='ltr'>que</span> <span class='ocrx_word' id='word_1_18' title='bbox 345 600 613 701; x_wconf 64' lang='lat' dir='ltr'><strong>antiquissimis</strong></span> <span class='ocrx_word' id='word_1_19' title='bbox 637 598 746 689; x_wconf 82' lang='lat' dir='ltr'>libris</span> <span class='ocrx_word' id='word_1_20' title='bbox 774 597 894 672; x_wconf 89' lang='lat' dir='ltr'>denuo</span> <span class='ocrx_word' id='word_1_21' title='bbox 922 595 1050 671; x_wconf 89' lang='lat' dir='ltr'>bansta</span> <span class='ocrx_word' id='word_1_22' title='bbox 1081 604 1207 686; x_wconf 68' lang='lat' dir='ltr'>esset3‘</span> 
     </span>
     <span class='ocr_line' id='line_1_5' title="bbox 241 711 1198 816; baseline -0.006 -25"><span class='ocrx_word' id='word_1_23' title='bbox 241 743 333 795; x_wconf 89' lang='lat' dir='ltr'>neve</span> <span class='ocrx_word' id='word_1_24' title='bbox 359 742 403 791; x_wconf 84' lang='lat' dir='ltr'>ex</span> <span class='ocrx_word' id='word_1_25' title='bbox 428 741 482 805; x_wconf 88' lang='lat' dir='ltr'>eu,</span> <span class='ocrx_word' id='word_1_26' title='bbox 508 713 605 816; x_wconf 90' lang='lat' dir='ltr'>quod</span> <span class='ocrx_word' id='word_1_27' title='bbox 629 715 668 789; x_wconf 87' lang='lat' dir='ltr'>in</span> <span class='ocrx_word' id='word_1_28' title='bbox 700 714 771 790; x_wconf 92' lang='lat' dir='ltr'>illis</span> <span class='ocrx_word' id='word_1_29' title='bbox 801 711 902 786; x_wconf 89' lang='lat' dir='ltr'>libris</span> <span class='ocrx_word' id='word_1_30' title='bbox 933 717 1115 813; x_wconf 89' lang='lat' dir='ltr'>repertum</span> <span class='ocrx_word' id='word_1_31' title='bbox 1140 735 1198 785; x_wconf 89' lang='lat' dir='ltr'>es·</span> 
     </span>
     <span class='ocr_line' id='line_1_6' title="bbox 208 822 1199 930; baseline -0.004 -30"><span class='ocrx_word' id='word_1_32' title='bbox 208 839 311 920; x_wconf 79' lang='lat' dir='ltr'>t&#39;set,</span> <span class='ocrx_word' id='word_1_33' title='bbox 338 826 537 930; x_wconf 86' lang='lat' dir='ltr'>quidquam·</span> <span class='ocrx_word' id='word_1_34' title='bbox 557 838 765 919; x_wconf 79' lang='lat' dir='ltr'>mutaretur,</span> <span class='ocrx_word' id='word_1_35' title='bbox 790 828 822 904; x_wconf 91' lang='lat' dir='ltr'>si</span> <span class='ocrx_word' id='word_1_36' title='bbox 846 852 912 927; x_wconf 87' lang='lat' dir='ltr'>per</span> <span class='ocrx_word' id='word_1_37' title='bbox 930 851 970 901; x_wconf 90' lang='lat' dir='ltr'>se</span> <span class='ocrx_word' id='word_1_38' title='bbox 996 834 1034 899; x_wconf 88' lang='lat' dir='ltr'>et</span> <span class='ocrx_word' id='word_1_39' title='bbox 1057 847 1123 925; x_wconf 88' lang='lat' dir='ltr'>pro</span> <span class='ocrx_word' id='word_1_40' title='bbox 1147 822 1199 897; x_wconf 91' lang='lat' dir='ltr'>la-</span> 
     </span>
     <span class='ocr_line' id='line_1_7' title="bbox 241 937 1198 1043; baseline -0.007 -24"><span class='ocrx_word' id='word_1_41' title='bbox 241 944 309 1019; x_wconf 90' lang='lat' dir='ltr'>tini</span> <span class='ocrx_word' id='word_1_42' title='bbox 325 940 500 1019; x_wconf 90' lang='lat' dir='ltr'>sermonis</span> <span class='ocrx_word' id='word_1_43' title='bbox 514 942 651 1018; x_wconf 89' lang='lat' dir='ltr'>ratione</span> <span class='ocrx_word' id='word_1_44' title='bbox 668 942 753 1018; x_wconf 86' lang='lat' dir='ltr'>lcrri</span> <span class='ocrx_word' id='word_1_45' title='bbox 768 948 905 1043; x_wconf 87' lang='lat' dir='ltr'>posset,</span> <span class='ocrx_word' id='word_1_46' title='bbox 929 949 972 1015; x_wconf 92' lang='lat' dir='ltr'>ut</span> <span class='ocrx_word' id='word_1_47' title='bbox 986 937 1036 1014; x_wconf 82' lang='lat' dir='ltr'>ita</span> <span class='ocrx_word' id='word_1_48' title='bbox 1052 938 1198 1040; x_wconf 84' lang='lat' dir='ltr'>tandem</span> 
     </span>
     <span class='ocr_line' id='line_1_8' title="bbox 243 1053 1200 1163; baseline -0.009 -30"><span class='ocrx_word' id='word_1_49' title='bbox 243 1060 418 1163; x_wconf 89' lang='lat' dir='ltr'>integram</span> <span class='ocrx_word' id='word_1_50' title='bbox 441 1080 746 1157; x_wconf 83' lang='lat' dir='ltr'>consequeremur</span> <span class='ocrx_word' id='word_1_51' title='bbox 765 1056 899 1157; x_wconf 77' lang='lat' dir='ltr'>veteris</span> <span class='ocrx_word' id='word_1_52' title='bbox 921 1053 1108 1158; x_wconf 86' lang='lat' dir='ltr'>scriptoris</span> <span class='ocrx_word' id='word_1_53' title='bbox 1125 1078 1200 1125; x_wconf 86' lang='lat' dir='ltr'>ma-</span> 
     </span>
     <span class='ocr_line' id='line_1_9' title="bbox 239 1165 1201 1273; baseline -0.009 -25"><span class='ocrx_word' id='word_1_54' title='bbox 239 1200 347 1263; x_wconf 81' lang='lat' dir='ltr'>nunr3</span> <span class='ocrx_word' id='word_1_55' title='bbox 382 1197 425 1246; x_wconf 92' lang='lat' dir='ltr'>ac</span> <span class='ocrx_word' id='word_1_56' title='bbox 461 1168 494 1271; x_wconf 81' lang='lat' dir='ltr'>si</span> <span class='ocrx_word' id='word_1_57' title='bbox 526 1170 614 1271; x_wconf 91' lang='lat' dir='ltr'>quid</span> <span class='ocrx_word' id='word_1_58' title='bbox 653 1170 876 1273; x_wconf 88' lang='lat' dir='ltr'>librariorum</span> <span class='ocrx_word' id='word_1_59' title='bbox 912 1167 1127 1271; x_wconf 77' lang='lat' dir='ltr'>negligentia</span> <span class='ocrx_word' id='word_1_60' title='bbox 1160 1165 1201 1240; x_wconf 92' lang='lat' dir='ltr'>in</span> 
     </span>
     <span class='ocr_line' id='line_1_10' title="bbox 245 1279 1201 1387; baseline -0.006 -26"><span class='ocrx_word' id='word_1_61' title='bbox 245 1287 382 1363; x_wconf 89' lang='lat' dir='ltr'>eisdem</span> <span class='ocrx_word' id='word_1_62' title='bbox 411 1285 703 1387; x_wconf 89' lang='lat' dir='ltr'>praetermissum</span> <span class='ocrx_word' id='word_1_63' title='bbox 732 1283 871 1375; x_wconf 86' lang='lat' dir='ltr'>fuisset,</span> <span class='ocrx_word' id='word_1_64' title='bbox 896 1310 943 1360; x_wconf 92' lang='lat' dir='ltr'>ne</span> <span class='ocrx_word' id='word_1_65' title='bbox 958 1284 997 1358; x_wconf 92' lang='lat' dir='ltr'>in</span> <span class='ocrx_word' id='word_1_66' title='bbox 1021 1308 1075 1373; x_wconf 91' lang='lat' dir='ltr'>eo,</span> <span class='ocrx_word' id='word_1_67' title='bbox 1101 1279 1201 1383; x_wconf 86' lang='lat' dir='ltr'>quod</span> 
     </span>
     <span class='ocr_line' id='line_1_11' title="bbox 173 1396 1201 1502; baseline 0.002 -33"><span class='ocrx_word' id='word_1_68' title='bbox 173 1400 227 1470; x_wconf 81' lang='lat' dir='ltr'>&#39;ro</span> <span class='ocrx_word' id='word_1_69' title='bbox 244 1398 550 1502; x_wconf 70' lang='lat' dir='ltr'>interpretationis</span> <span class='ocrx_word' id='word_1_70' title='bbox 578 1424 687 1474; x_wconf 87' lang='lat' dir='ltr'>causa</span> <span class='ocrx_word' id='word_1_71' title='bbox 701 1397 961 1474; x_wconf 83' lang='lat' dir='ltr'>recentioribus</span> <span class='ocrx_word' id='word_1_72' title='bbox 977 1396 1201 1498; x_wconf 83' lang='lat' dir='ltr'>temporibus</span> 
     </span>
     <span class='ocr_line' id='line_1_12' title="bbox 245 1509 1201 1613; baseline -0.003 -26"><span class='ocrx_word' id='word_1_73' title='bbox 245 1511 405 1587; x_wconf 91' lang='lat' dir='ltr'>additum</span> <span class='ocrx_word' id='word_1_74' title='bbox 431 1522 541 1603; x_wconf 88' lang='lat' dir='ltr'>esset,</span> <span class='ocrx_word' id='word_1_75' title='bbox 572 1512 894 1613; x_wconf 74' lang='lat' dir='ltr'>acquiesceremus,</span> <span class='ocrx_word' id='word_1_76' title='bbox 922 1512 955 1587; x_wconf 87' lang='lat' dir='ltr'>si</span> <span class='ocrx_word' id='word_1_77' title='bbox 980 1509 1136 1610; x_wconf 90' lang='lat' dir='ltr'>antiquis</span> <span class='ocrx_word' id='word_1_78' title='bbox 1159 1509 1201 1584; x_wconf 89' lang='lat' dir='ltr'>li·</span> 
     </span>
     <span class='ocr_line' id='line_1_13' title="bbox 9 1624 1202 1734; baseline -0.003 -34"><span class='ocrx_word' id='word_1_79' title='bbox 9 1624 33 1717; x_wconf 68' lang='lat' dir='ltr'><strong>J</strong></span> <span class='ocrx_word' id='word_1_80' title='bbox 164 1696 172 1734; x_wconf 75' lang='lat' dir='ltr'>r</span> <span class='ocrx_word' id='word_1_81' title='bbox 220 1626 323 1719; x_wconf 50' lang='lat' dir='ltr'>‚bris</span> <span class='ocrx_word' id='word_1_82' title='bbox 346 1624 550 1701; x_wconf 89' lang='lat' dir='ltr'>auctoribus</span> <span class='ocrx_word' id='word_1_83' title='bbox 575 1625 722 1700; x_wconf 88' lang='lat' dir='ltr'>meliore</span> <span class='ocrx_word' id='word_1_84' title='bbox 747 1651 789 1700; x_wconf 90' lang='lat' dir='ltr'>ac</span> <span class='ocrx_word' id='word_1_85' title='bbox 809 1626 1047 1727; x_wconf 84' lang='lat' dir='ltr'>probabiliore</span> <span class='ocrx_word' id='word_1_86' title='bbox 1063 1624 1202 1707; x_wconf 82' lang='lat' dir='ltr'>ratione</span> 
     </span>
     <span class='ocr_line' id='line_1_14' title="bbox 87 1732 1202 1846; baseline -0.006 -29"><span class='ocrx_word' id='word_1_87' title='bbox 87 1732 90 1738; x_wconf 36' lang='lat'><strong>¹</strong></span> <span class='ocrx_word' id='word_1_88' title='bbox 245 1764 370 1817; x_wconf 87' lang='lat' dir='ltr'>verum</span> <span class='ocrx_word' id='word_1_89' title='bbox 395 1736 630 1842; x_wconf 83' lang='lat' dir='ltr'>pervestigari</span> <span class='ocrx_word' id='word_1_90' title='bbox 655 1766 698 1846; x_wconf 85' lang='lat' dir='ltr'>ae</span> <span class='ocrx_word' id='word_1_91' title='bbox 720 1739 863 1815; x_wconf 92' lang='lat' dir='ltr'>restitui</span> <span class='ocrx_word' id='word_1_92' title='bbox 879 1736 1202 1843; x_wconf 53' lang='lat' dir='ltr'>possetedenique</span> 
     </span>
     <span class='ocr_line' id='line_1_15' title="bbox 127 1852 1331 1958; baseline -0.003 -30"><span class='ocrx_word' id='word_1_93' title='bbox 127 1902 158 1950; x_wconf 55' lang='lat'>,-</span> <span class='ocrx_word' id='word_1_94' title='bbox 245 1856 284 1928; x_wconf 92' lang='lat' dir='ltr'>in</span> <span class='ocrx_word' id='word_1_95' title='bbox 308 1852 378 1927; x_wconf 90' lang='lat' dir='ltr'>boc</span> <span class='ocrx_word' id='word_1_96' title='bbox 402 1862 586 1953; x_wconf 88' lang='lat' dir='ltr'>postremo</span> <span class='ocrx_word' id='word_1_97' title='bbox 612 1862 653 1945; x_wconf 87' lang='lat' dir='ltr'>ut</span> <span class='ocrx_word' id='word_1_98' title='bbox 677 1878 721 1929; x_wconf 89' lang='lat' dir='ltr'>eo</span> <span class='ocrx_word' id='word_1_99' title='bbox 746 1853 859 1928; x_wconf 89' lang='lat' dir='ltr'>maior</span> <span class='ocrx_word' id='word_1_100' title='bbox 875 1853 1105 1930; x_wconf 89' lang='lat' dir='ltr'>adhiberetur</span> <span class='ocrx_word' id='word_1_101' title='bbox 1120 1878 1203 1925; x_wconf 85' lang='lat' dir='ltr'>ceu·</span> <span class='ocrx_word' id='word_1_102' title='bbox 1325 1923 1331 1958; x_wconf 36' lang='grc' dir='ltr'>ἶ</span> 
     </span>
     <span class='ocr_line' id='line_1_16' title="bbox 139 1962 1332 2068; baseline -0.002 -28"><span class='ocrx_word' id='word_1_103' title='bbox 139 1976 140 1981; x_wconf 77' lang='grc'>’</span> <span class='ocrx_word' id='word_1_104' title='bbox 194 1970 299 2043; x_wconf 71' lang='lat' dir='ltr'>letio</span> <span class='ocrx_word' id='word_1_105' title='bbox 330 1962 601 2068; x_wconf 78' lang='lat' dir='ltr'>diligentiaque,</span> <span class='ocrx_word' id='word_1_106' title='bbox 641 1992 714 2066; x_wconf 92' lang='lat' dir='ltr'>quo</span> <span class='ocrx_word' id='word_1_107' title='bbox 752 1968 896 2067; x_wconf 87' lang='lat' dir='ltr'>saepius</span> <span class='ocrx_word' id='word_1_108' title='bbox 935 1966 1093 2067; x_wconf 88' lang='lat' dir='ltr'>corrupti</span> <span class='ocrx_word' id='word_1_109' title='bbox 1123 1966 1211 2050; x_wconf 72' lang='lat' dir='ltr'>eius,</span> <span class='ocrx_word' id='word_1_110' title='bbox 1327 1977 1332 2050; x_wconf 60' lang='grc' dir='ltr'><strong><em>ζ</em></strong></span> 
     </span>
     <span class='ocr_line' id='line_1_17' title="bbox 249 2078 1333 2183; baseline -0.002 -28"><span class='ocrx_word' id='word_1_111' title='bbox 249 2079 402 2183; x_wconf 64' lang='lat' dir='ltr'>generis*</span> <span class='ocrx_word' id='word_1_112' title='bbox 416 2079 486 2153; x_wconf 83' lang='lat' dir='ltr'>loci</span> <span class='ocrx_word' id='word_1_113' title='bbox 510 2078 764 2178; x_wconf 89' lang='lat' dir='ltr'>reperirentur,</span> <span class='ocrx_word' id='word_1_114' title='bbox 790 2106 943 2179; x_wconf 93' lang='lat' dir='ltr'>quorum</span> <span class='ocrx_word' id='word_1_115' title='bbox 972 2106 1040 2154; x_wconf 90' lang='lat' dir='ltr'>nec</span> <span class='ocrx_word' id='word_1_116' title='bbox 1064 2106 1092 2171; x_wconf 33' lang='lat' dir='ltr'>a„</span> <span class='ocrx_word' id='word_1_117' title='bbox 1105 2078 1205 2161; x_wconf 80' lang='lat' dir='ltr'>Gru-</span> <span class='ocrx_word' id='word_1_118' title='bbox 1330 2101 1333 2111; x_wconf 89' lang='lat'>·</span> 
     </span>
     <span class='ocr_line' id='line_1_18' title="bbox 249 2190 1204 2295; baseline -0.002 -26"><span class='ocrx_word' id='word_1_119' title='bbox 249 2195 366 2271; x_wconf 88' lang='lat' dir='ltr'>riuviis</span> <span class='ocrx_word' id='word_1_120' title='bbox 390 2218 459 2267; x_wconf 90' lang='lat' dir='ltr'>nec</span> <span class='ocrx_word' id='word_1_121' title='bbox 485 2217 505 2264; x_wconf 92' lang='lat' dir='ltr'>a</span> <span class='ocrx_word' id='word_1_122' title='bbox 530 2190 715 2267; x_wconf 88' lang='lat' dir='ltr'>Crevierio</span> <span class='ocrx_word' id='word_1_123' title='bbox 737 2192 1105 2295; x_wconf 82' lang='lat' dir='ltr'>Drakenborcbioque</span> <span class='ocrx_word' id='word_1_124' title='bbox 1128 2192 1204 2269; x_wconf 88' lang='lat' dir='ltr'>ulla</span> 
     </span>
     <span class='ocr_line' id='line_1_19' title="bbox 203 2303 1204 2409; baseline -0.002 -26"><span class='ocrx_word' id='word_1_125' title='bbox 203 2340 205 2345; x_wconf 95' lang='lat'>·</span> <span class='ocrx_word' id='word_1_126' title='bbox 249 2307 383 2383; x_wconf 90' lang='lat' dir='ltr'>mentio</span> <span class='ocrx_word' id='word_1_127' title='bbox 408 2306 501 2382; x_wconf 83' lang='lat' dir='ltr'>lacta</span> <span class='ocrx_word' id='word_1_128' title='bbox 527 2314 872 2409; x_wconf 84' lang='lat' dir='ltr'>essetquamquam</span> <span class='ocrx_word' id='word_1_129' title='bbox 888 2303 1111 2384; x_wconf 83' lang='lat' dir='ltr'>hortantum</span> <span class='ocrx_word' id='word_1_130' title='bbox 1128 2317 1204 2383; x_wconf 91' lang='lat' dir='ltr'>stu-</span> 
     </span>
     <span class='ocr_line' id='line_1_20' title="bbox 243 2416 1204 2500; baseline -0.001 -5"><span class='ocrx_word' id='word_1_131' title='bbox 243 2420 349 2495; x_wconf 92' lang='lat' dir='ltr'>dium</span> <span class='ocrx_word' id='word_1_132' title='bbox 374 2429 412 2495; x_wconf 93' lang='lat' dir='ltr'>et</span> <span class='ocrx_word' id='word_1_133' title='bbox 435 2418 753 2495; x_wconf 83' lang='lat' dir='ltr'>laboriosissimum</span> <span class='ocrx_word' id='word_1_134' title='bbox 779 2430 818 2497; x_wconf 87' lang='lat' dir='ltr'>et</span> <span class='ocrx_word' id='word_1_135' title='bbox 840 2416 1082 2497; x_wconf 86' lang='lat' dir='ltr'>difficillimum</span> <span class='ocrx_word' id='word_1_136' title='bbox 1105 2420 1204 2500; x_wconf 84' lang='lat' dir='ltr'>vide-</span> 
     </span>
     <span class='ocr_line' id='line_1_21' title="bbox 141 2534 1271 2638; baseline -0.002 -27"><span class='ocrx_word' id='word_1_137' title='bbox 141 2548 143 2559; x_wconf 92' lang='lat'>&#39;</span> <span class='ocrx_word' id='word_1_138' title='bbox 196 2554 233 2613; x_wconf 75' lang='lat' dir='ltr'>uo</span> <span class='ocrx_word' id='word_1_139' title='bbox 249 2536 364 2628; x_wconf 89' lang='lat' dir='ltr'>batur,</span> <span class='ocrx_word' id='word_1_140' title='bbox 387 2543 507 2608; x_wconf 86' lang='lat' dir='ltr'>tamen</span> <span class='ocrx_word' id='word_1_141' title='bbox 532 2558 576 2607; x_wconf 92' lang='lat' dir='ltr'>eo</span> <span class='ocrx_word' id='word_1_142' title='bbox 598 2534 826 2635; x_wconf 90' lang='lat' dir='ltr'>supersederi</span> <span class='ocrx_word' id='word_1_143' title='bbox 843 2562 917 2611; x_wconf 95' lang='lat' dir='ltr'>non</span> <span class='ocrx_word' id='word_1_144' title='bbox 936 2546 1043 2638; x_wconf 88' lang='lat' dir='ltr'>posse</span> <span class='ocrx_word' id='word_1_145' title='bbox 1059 2563 1205 2638; x_wconf 88' lang='lat' dir='ltr'>persua·</span> <span class='ocrx_word' id='word_1_146' title='bbox 1266 2554 1271 2563; x_wconf 81' lang='grc'><strong><em>’</em></strong></span> 
     </span>
     <span class='ocr_line' id='line_1_22' title="bbox 179 2646 1204 2737; baseline -0.004 -10"><span class='ocrx_word' id='word_1_147' title='bbox 179 2682 181 2693; x_wconf 93' lang='grc'><strong><em>·</em></strong></span> <span class='ocrx_word' id='word_1_148' title='bbox 252 2675 332 2727; x_wconf 89' lang='lat' dir='ltr'>sum</span> <span class='ocrx_word' id='word_1_149' title='bbox 355 2646 583 2737; x_wconf 88' lang='lat' dir='ltr'>habebamus,</span> <span class='ocrx_word' id='word_1_150' title='bbox 608 2646 679 2722; x_wconf 90' lang='lat' dir='ltr'>nisi</span> <span class='ocrx_word' id='word_1_151' title='bbox 711 2661 851 2723; x_wconf 90' lang='lat' dir='ltr'>omnem</span> <span class='ocrx_word' id='word_1_152' title='bbox 882 2677 1001 2725; x_wconf 89' lang='lat' dir='ltr'>curam</span> <span class='ocrx_word' id='word_1_153' title='bbox 1030 2652 1069 2726; x_wconf 93' lang='lat' dir='ltr'>in</span> <span class='ocrx_word' id='word_1_154' title='bbox 1099 2650 1204 2727; x_wconf 85' lang='lat' dir='ltr'>Livio</span> 
     </span>
     <span class='ocr_line' id='line_1_23' title="bbox 179 2758 1204 2863; baseline 0.002 -27"><span class='ocrx_word' id='word_1_155' title='bbox 179 2838 180 2844; x_wconf 64' lang='grc'>,</span> <span class='ocrx_word' id='word_1_156' title='bbox 253 2758 474 2837; x_wconf 86' lang='lat' dir='ltr'>emendando</span> <span class='ocrx_word' id='word_1_157' title='bbox 504 2762 656 2861; x_wconf 87' lang='lat' dir='ltr'>positam</span> <span class='ocrx_word' id='word_1_158' title='bbox 686 2762 960 2863; x_wconf 90' lang='lat' dir='ltr'>ponendamque</span> <span class='ocrx_word' id='word_1_159' title='bbox 991 2764 1036 2837; x_wconf 89' lang='lat' dir='ltr'>ad</span> <span class='ocrx_word' id='word_1_160' title='bbox 1065 2762 1204 2856; x_wconf 83' lang='lat' dir='ltr'>irritum</span> 
     </span>
     <span class='ocr_line' id='line_1_24' title="bbox 114 2873 1205 2979; baseline 0.006 -30"><span class='ocrx_word' id='word_1_161' title='bbox 114 2908 116 2913; x_wconf 95' lang='lat'>·</span> <span class='ocrx_word' id='word_1_162' title='bbox 221 2898 224 2903; x_wconf 84' lang='grc'><em>·</em></span> <span class='ocrx_word' id='word_1_163' title='bbox 253 2875 381 2951; x_wconf 83' lang='lat' dir='ltr'>eade&#39;re</span> <span class='ocrx_word' id='word_1_164' title='bbox 404 2873 586 2952; x_wconf 89' lang='lat' dir='ltr'>vellemus.</span> <span class='ocrx_word' id='word_1_165' title='bbox 613 2902 685 2976; x_wconf 86' lang='lat' dir='ltr'>qua</span> <span class='ocrx_word' id='word_1_166' title='bbox 708 2876 817 2979; x_wconf 88' lang='lat' dir='ltr'>igitur</span> <span class='ocrx_word' id='word_1_167' title='bbox 842 2876 980 2972; x_wconf 83' lang='lat' dir='ltr'>ratione</span> <span class='ocrx_word' id='word_1_168' title='bbox 1002 2876 1040 2951; x_wconf 91' lang='lat' dir='ltr'>ib</span> <span class='ocrx_word' id='word_1_169' title='bbox 1065 2878 1118 2954; x_wconf 89' lang='lat' dir='ltr'>eis</span> <span class='ocrx_word' id='word_1_170' title='bbox 1142 2878 1205 2955; x_wconf 82' lang='lat' dir='ltr'>ui-</span> 
     </span>
     <span class='ocr_line' id='line_1_25' title="bbox 84 2986 1204 3093; baseline 0 -27"><span class='ocrx_word' id='word_1_171' title='bbox 84 2986 86 2995; x_wconf 71' lang='grc'>’</span> <span class='ocrx_word' id='word_1_172' title='bbox 254 2990 378 3066; x_wconf 89' lang='lat' dir='ltr'>cesimi</span> <span class='ocrx_word' id='word_1_173' title='bbox 396 2988 477 3063; x_wconf 91' lang='lat' dir='ltr'>libri</span> <span class='ocrx_word' id='word_1_174' title='bbox 493 2988 635 3067; x_wconf 84' lang='lat' dir='ltr'>Liviani</span> <span class='ocrx_word' id='word_1_175' title='bbox 656 2987 757 3082; x_wconf 91' lang='lat' dir='ltr'>locis,</span> <span class='ocrx_word' id='word_1_176' title='bbox 775 2991 837 3091; x_wconf 94' lang='lat' dir='ltr'>qui</span> <span class='ocrx_word' id='word_1_177' title='bbox 861 2990 910 3064; x_wconf 88' lang='lat' dir='ltr'>ita</span> <span class='ocrx_word' id='word_1_178' title='bbox 935 2992 1036 3066; x_wconf 93' lang='lat' dir='ltr'>utin</span> <span class='ocrx_word' id='word_1_179' title='bbox 1060 2992 1204 3093; x_wconf 83' lang='lat' dir='ltr'>optimis</span> 
     </span>
     <span class='ocr_line' id='line_1_26' title="bbox 201 3097 1205 3207; baseline -0.003 -24"><span class='ocrx_word' id='word_1_180' title='bbox 201 3126 237 3183; x_wconf 70' lang='lat'>25</span> <span class='ocrx_word' id='word_1_181' title='bbox 256 3102 437 3180; x_wconf 89' lang='lat' dir='ltr'>cbdicibus</span> <span class='ocrx_word' id='word_1_182' title='bbox 473 3097 698 3203; x_wconf 87' lang='lat' dir='ltr'>legebantur,</span> <span class='ocrx_word' id='word_1_183' title='bbox 728 3105 872 3207; x_wconf 85' lang='lat' dir='ltr'>probari</span> <span class='ocrx_word' id='word_1_184' title='bbox 908 3131 980 3179; x_wconf 90' lang='lat' dir='ltr'>nun</span> <span class='ocrx_word' id='word_1_185' title='bbox 1010 3130 1119 3205; x_wconf 89' lang='lat' dir='ltr'>posse</span> <span class='ocrx_word' id='word_1_186' title='bbox 1153 3105 1205 3180; x_wconf 87' lang='lat' dir='ltr'>vi·</span> 
     </span>
     <span class='ocr_line' id='line_1_27' title="bbox 254 3210 1205 3318; baseline 0 -27"><span class='ocrx_word' id='word_1_187' title='bbox 254 3216 425 3301; x_wconf 86' lang='lat' dir='ltr'>derentur</span> <span class='ocrx_word' id='word_1_188' title='bbox 455 3210 522 3291; x_wconf 85' lang='lat' dir='ltr'>sed</span> <span class='ocrx_word' id='word_1_189' title='bbox 556 3215 687 3315; x_wconf 82' lang='lat' dir='ltr'>quibus</span> <span class='ocrx_word' id='word_1_190' title='bbox 719 3217 921 3291; x_wconf 89' lang='lat' dir='ltr'>coniectura</span> <span class='ocrx_word' id='word_1_191' title='bbox 946 3217 1205 3318; x_wconf 85' lang='lat' dir='ltr'>providendum</span> 
     </span>
     <span class='ocr_line' id='line_1_28' title="bbox 252 3329 1208 3431; baseline -0.001 -24"><span class='ocrx_word' id='word_1_192' title='bbox 252 3341 365 3431; x_wconf 85' lang='lat' dir='ltr'>esset,</span> <span class='ocrx_word' id='word_1_193' title='bbox 390 3329 619 3405; x_wconf 87' lang='lat' dir='ltr'>emendandis</span> <span class='ocrx_word' id='word_1_194' title='bbox 646 3329 705 3405; x_wconf 91' lang='lat' dir='ltr'>usi</span> <span class='ocrx_word' id='word_1_195' title='bbox 724 3329 847 3421; x_wconf 91' lang='lat' dir='ltr'>simus,</span> <span class='ocrx_word' id='word_1_196' title='bbox 871 3332 1027 3409; x_wconf 90' lang='lat' dir='ltr'>breviter</span> <span class='ocrx_word' id='word_1_197' title='bbox 1050 3333 1121 3409; x_wconf 82' lang='lat' dir='ltr'>iant</span> <span class='ocrx_word' id='word_1_198' title='bbox 1144 3331 1208 3407; x_wconf 86' lang='lat' dir='ltr'>de-¹</span> 
     </span>
     <span class='ocr_line' id='line_1_29' title="bbox 255 3442 876 3550; baseline 0 -32"><span class='ocrx_word' id='word_1_199' title='bbox 255 3442 525 3520; x_wconf 80' lang='lat' dir='ltr'>monstrandum</span> <span class='ocrx_word' id='word_1_200' title='bbox 550 3452 615 3519; x_wconf 85' lang='lat' dir='ltr'>est</span> <span class='ocrx_word' id='word_1_201' title='bbox 676 3526 681 3550; x_wconf 37' lang='grc' dir='ltr'>ι</span> <span class='ocrx_word' id='word_1_202' title='bbox 873 3447 876 3454; x_wconf 72' lang='grc'>’</span> 
     </span>
     <span class='ocr_line' id='line_1_30' title="bbox 138 3548 1207 3659; baseline 0.005 -29"><span class='ocrx_word' id='word_1_203' title='bbox 138 3584 142 3598; x_wconf 57' lang='grc'><strong>“</strong></span> <span class='ocrx_word' id='word_1_204' title='bbox 204 3592 235 3631; x_wconf 86' lang='lat'>·‚</span> <span class='ocrx_word' id='word_1_205' title='bbox 352 3556 396 3632; x_wconf 92' lang='lat' dir='ltr'>In</span> <span class='ocrx_word' id='word_1_206' title='bbox 424 3556 495 3631; x_wconf 92' lang='lat' dir='ltr'>huc</span> <span class='ocrx_word' id='word_1_207' title='bbox 526 3554 597 3631; x_wconf 86' lang='lat' dir='ltr'>iam</span> <span class='ocrx_word' id='word_1_208' title='bbox 626 3553 664 3631; x_wconf 93' lang='lat' dir='ltr'>id</span> <span class='ocrx_word' id='word_1_209' title='bbox 685 3548 852 3659; x_wconf 92' lang='lat' dir='ltr'>primum</span> <span class='ocrx_word' id='word_1_210' title='bbox 881 3558 1023 3637; x_wconf 86' lang='lat' dir='ltr'>videtur</span> <span class='ocrx_word' id='word_1_211' title='bbox 1053 3558 1207 3636; x_wconf 86' lang='lat' dir='ltr'>animad-</span> 
     </span>
     <span class='ocr_line' id='line_1_31' title="bbox 203 3666 1300 3775; baseline -0.002 -26"><span class='ocrx_word' id='word_1_212' title='bbox 203 3698 240 3755; x_wconf 82' lang='lat' dir='ltr'>su</span> <span class='ocrx_word' id='word_1_213' title='bbox 256 3669 483 3762; x_wconf 89' lang='lat' dir='ltr'>vertendum,</span> <span class='ocrx_word' id='word_1_214' title='bbox 513 3669 734 3757; x_wconf 82' lang='lat' dir='ltr'>Puteaneum</span> <span class='ocrx_word' id='word_1_215' title='bbox 765 3680 803 3746; x_wconf 91' lang='lat' dir='ltr'>et</span> <span class='ocrx_word' id='word_1_216' title='bbox 832 3666 1132 3775; x_wconf 88' lang='lat' dir='ltr'>Bambergensem</span> <span class='ocrx_word' id='word_1_217' title='bbox 1161 3674 1206 3747; x_wconf 87' lang='lat' dir='ltr'>ab</span> <span class='ocrx_word' id='word_1_218' title='bbox 1298 3715 1300 3720; x_wconf 96' lang='lat'>·</span> 
     </span>
    </p>
   </div>
   <div class='ocr_carea' id='block_1_3' title="bbox 163 3778 1207 3907">
    <p class='ocr_par' dir='ltr' id='par_1_3' title="bbox 163 3778 1207 3907">
     <span class='ocr_line' id='line_1_32' title="bbox 163 3778 1207 3907; baseline 0.001 -46"><span class='ocrx_word' id='word_1_219' title='bbox 163 3815 165 3824; x_wconf 70' lang='grc'>’</span> <span class='ocrx_word' id='word_1_220' title='bbox 257 3786 309 3862; x_wconf 92' lang='lat' dir='ltr'>eis</span> <span class='ocrx_word' id='word_1_221' title='bbox 328 3787 529 3888; x_wconf 88' lang='lat' dir='ltr'>descriptos</span> <span class='ocrx_word' id='word_1_222' title='bbox 543 3810 625 3863; x_wconf 90' lang='lat' dir='ltr'>esse</span> <span class='ocrx_word' id='word_1_223' title='bbox 640 3778 805 3907; x_wconf 77' lang='lat' dir='ltr'>librariis,</span> <span class='ocrx_word' id='word_1_224' title='bbox 818 3788 881 3889; x_wconf 91' lang='lat' dir='ltr'>qui</span> <span class='ocrx_word' id='word_1_225' title='bbox 895 3788 996 3864; x_wconf 80' lang='lat' dir='ltr'>nefas</span> <span class='ocrx_word' id='word_1_226' title='bbox 1013 3787 1084 3877; x_wconf 77' lang='lat' dir='ltr'>sibi</span> <span class='ocrx_word' id='word_1_227' title='bbox 1098 3786 1207 3862; x_wconf 90' lang='lat' dir='ltr'>habe-</span> 
     </span>
    </p>
   </div>
   <div class='ocr_carea' id='block_1_4' title="bbox 0 0 1344 4717">
    <p class='ocr_par' dir='ltr' id='par_1_4' title="bbox 0 0 1344 4717">
     <span class='ocr_line' id='line_1_33' title="bbox 0 0 1344 4717; baseline 0 0"><span class='ocrx_word' id='word_1_228' title='bbox 0 0 1344 4717; x_wconf 95' lang='lat' dir='ltr'> </span> 
     </span>
    </p>
   </div>
  </div>
 </body>
</html>
