2667 4717
373 268 536 399 *a
613 268 816 367 xW-,

165 457 281 561 ipsius
311 456 422 559 partis
453 456 520 533 tria
549 454 623 533 iere
655 456 770 557 capita
798 456 993 557 postrema,
1025 481 1116 558 quae

167 562 205 645 in
235 570 415 675 plerisque
451 570 709 671 antiquioribus
739 569 840 656 libris
878 580 939 648 aut
969 569 1116 645 deerant

168 695 230 761 aut
260 684 361 763 vaide
392 696 556 787 corrupta
588 695 698 774 erant,
728 709 775 757 ne
805 684 842 757 in
871 683 941 759 hoe
969 682 1144 783 ,quidemg

72 803 77 821 '
165 787 246 873 Par.
271 797 361 873 libro
387 800 475 877 satis
499 800 684 875 emendata
702 797 971 909 reperiebantur
987 796 1054 873 scd
1071 822 1115 871 ex

132 911 266 987 ratio
262 938 303 987 ac
327 911 445 1019 priora
461 907 559 990 sonte
585 912 711 1003 hausta
729 910 955 992 videbantur·
981 938 1050 1013 qua
1075 937 1115 987 re
1181 961 1182 964 =

52 1101 56 1107 ,
95 1081 97 1086 .
165 1009 439 1135 Bambergensis
477 1037 515 1101 et
548 1026 733 1103 Parisinus
770 1053 851 1101 cum
892 1025 978 1101 abas
1021 1051 1114 1134 sern-
1175 1106 1184 1142 ‚

101 1160 103 1169 ⁴
165 1167 229 1271 per
261 1166 374 1243 prope
407 1140 647 1230 consentiant,
677 1141 745 1245 hac
775 1150 881 1246 parte
905 1138 1002 1214 haud
1029 1165 1113 1217 raro
1191 1198 1196 1213 .

165 1264 259 1329 mter
290 1279 331 1329 se
356 1253 577 1353 discrepant,
609 1278 823 1355 quamquam
848 1253 954 1327 etiarn
978 1252 1035 1327 his
1052 1253 1115 1330 tri-

60 1420 63 1425 ·
138 1368 233 1446 bns
266 1376 359 1469 capit
334 1368 439 1443 ’tibus
469 1362 656 1443 Parisinus
689 1369 738 1443 si·
758 1394 838 1443 cum
847 1366 1115 1445 Gronovianis
1213 1368 1220 1377 ’

114 1490 204 1555 10et
238 1478 587 1573 Drakenborohianis
622 1480 723 1557 libris
738 1528 740 1532 -
758 1480 908 1556 collatus
943 1480 1028 1572 erit,
1058 1506 1115 1555 se·
1176 1516 1179 1520 ·
1219 1485 1238 1544 -’

165 1593 319 1669 cundum
339 1594 386 1669 ab
407 1590 819 1698 Barnbcrgensilocnnr
831 1592 992 1686 obtinere
1015 1592 1114 1671 vide-

70 1750 72 1754 >
162 1708 269 1785 bitur.
361 1737 362 1743 ¹

261 1820 402 1925 Deinde
428 1848 508 1897 curn
538 1848 583 1897 ex
614 1820 795 1899 Drakenb
826 1817 1114 1918 annotationibus
1191 1843 1193 1846 ·

162 1914 384 2024 vidissenis
373 1961 410 2009 ιι)
426 1926 618 2012 senatoria
647 1936 801 2013 civitatis
831 1914 1033 2037 Lipsiensis
1062 1934 1115 2008 bi·

110 2059 146 2115 15
162 2047 339 2123 bliotheca
370 2073 452 2123 esse
483 2047 624 2149 quarti
621 2049 760 2127 decimi
790 2048 922 2123 saeculi
952 2046 1184 2123 codicem

87 2206 93 2217 -
161 2157 358 2249 Livianum,
384 2160 446 2259 qni
472 2186 552 2235 cnm
577 2158 741 2237 Palatino
760 2162 880 2263 'primo
911 2187 1018 2262 qnam
1041 2163 1113 2235 ma'·
1184 2160 1189 2167 ’
1321 2199 1332 2246 ·÷

161 2274 255 2352 nirne'
286 2283 512 2374 congrueret:
552 2299 623 2365 nec.
654 2300 712 2351 rue
747 2271 916 2377 fugisset,
951 2300 1114 2377 magnam

97 2416 100 2425 ’
107 2386 306 2488 quidem
336 2386 448 2461 iiiios
461 2385 535 2461 Pal.
568 2390 599 2459 1
629 2412 713 2462 esse
743 2388 1010 2488 praestantiam,
1047 2387 1113 2465 sed

65 2526 67 2531 ·
163 2525 243 2575 earn
267 2524 340 2573 non
364 2500 414 2575 ita
439 2524 521 2578 esse
541 2500 729 2601 integrum,
754 2511 883 2576 utnon
901 2489 1113 2632 prfibnsdanr

27 2662 32 2675 ‚
110 2630 146 2703 ao
162 2613 251 2689 locis
275 2613 461 2690 doctorum
484 2612 667 2702 hominurn
691 2603 908 2699 coniecturis
930 2626 1039 2715 atque
1060 2616 1113 2689 in·

15 2788 33 2815 ,
144 2725 495 2828 terpolationibus
485 2738 699 2808 immutatus
722 2739 839 2804 esseta
870 2738 990 2803 tamen
1021 2754 1042 2803 e
1071 2754 1118 2803 re
1169 2703 1238 2817 bs

112 2914 117 2919 .
161 2866 240 2923 mea
256 2840 340 2917 iore
365 2841 566 2933 arbitratus,
591 2867 624 2917 ει
613 2842 799 2917 bunct
761 2842 868 2917 etiarn
883 2841 1112 2944 Lipsiensern

122 2951 289 3039 librum
313 2954 544 3061 perscrutari
553 2980 708 3057 possem,
739 2956 899 3064 Lipsiam
928 2954 1163 3057 profectus

162 3075 364 3145 curatorum
387 3066 481 3145 illins
512 3068 750 3182 bibliothecae
778 3060 1111 3175 honestissimorum
1237 3111 1240 3115 ·

56 3251 58 3258 .
110 3201 147 3259 aa
164 3180 329 3257 comitate
365 3182 486 3259 statim
521 3172 683 3284 optaturn
717 3165 913 3285 inpetrari.
949 3177 1018 3258 nec
1053 3205 1110 3257 me
1223 3190 1227 3198 '

76 3362 78 3366 .
140 3294 367 3396 poenitebat
390 3296 495 3372 huius
519 3320 658 3398 operae
650 3296 878 3399 Lipsiensis
894 3296 995 3371 enim
1010 3294 1115 3388 liber,
1211 3358 1214 3361 .

60 3496 65 3503 ⁴
162 3409 242 3485 siue
278 3406 386 3483 dubio
423 3436 467 3485 ex
503 3406 626 3487 codice
657 3420 867 3512 pervetusto
899 3410 1110 3513 exscriptus,
1218 3426 1220 3432 ’

104 3526 110 3538 ’
162 3522 584 3625 saepecumPuteaneo
610 3523 928 3616 consentaneis
955 3534 1111 3626 utroque
1297 3615 1301 3619 ι

122 3646 201 3712 et
225 3635 370 3737 antiqua
395 3637 508 3716 oratio
533 3648 676 3717 servata
700 3639 750 3714 sit
780 3648 819 3713 et
848 3638 1028 3719 scribendi
1054 3664 1111 3713 ra·
1198 3676 1201 3680 ·

1 3808 4 3812 ι
106 3722 148 3831 oo
163 3749 230 3827 tior
255 3750 329 3825 sed
344 3752 548 3843 tamenta,
573 3749 671 3854 quod
696 3734 843 3856 quidem
864 3751 909 3831 nd
933 3751 1018 3827 hoc
1026 3750 1112 3825 alte
1190 3776 1199 3785 ’·

162 3888 240 3941 rum
265 3862 402 3986 attinet,
425 3876 467 4005 ιιι
489 3866 528 3941 id
553 3865 696 3968 quoda
719 3865 855 3970 vulgari
884 3865 1042 3977 ratione
1040 3864 1112 3937 ab·
1249 3900 1269 3956 (ι
1304 3926 1308 3934 .
