2667 4717
747 320 829 370 xciv

313 461 429 557 detur,
454 476 534 539 cum
559 461 654 565 apud
678 462 819 539 Livium
850 461 959 537 verba
991 488 1076 537 cum
1109 490 1160 537 en
1190 490 1261 539 con·

190 674 192 677 Ι
283 571 285 583 ’
311 573 441 657 iuncta·
463 578 752 678 frequentissima
782 578 953 679 legantur.
990 580 1050 668 30,
1070 568 1139 652 00.
1159 580 1260 655 ‘resti-

310 694 446 770 tuimus
471 707 537 793 pr'o
555 693 634 765 alia
658 720 700 767 re
724 692 812 767 cx‘P
837 691 892 765 Bb
916 691 948 764 1.
974 692 1106 765 aliena
1122 719 1172 766 re
1194 694 1258 766 ba

315 811 406 910 qa'ae
424 806 524 883 adse
542 832 614 880 non
640 808 853 906 pertineret:
879 806 981 881 ouius
1005 808 1062 880 rei
1078 808 1183 881 ruina
1196 833 1259 880 non

160 1016 163 1021 .
261 928 297 983 „5
315 924 432 1025 ipsum
450 946 596 1021 quoque
612 922 792 1023 exstingui
807 939 958 995 necesse
975 930 1088 995 e'sset.
1107 910 1215 1023 Quod
1228 921 1258 993 in

134 1024 136 1037 ¹
311 1036 516 1113 melioribus
529 1035 629 1111 libris
645 1037 869 1121 maritumas,
882 1034 1066 1120 decamus,
1079 1035 1258 1109 incolomis

311 1150 513 1249 similiaque
538 1149 605 1226 alia
630 1150 763 1251 scripta
788 1148 1026 1249 reperiuntur,
1053 1150 1189 1223 nemini
1206 1149 1257 1221 mi·

312 1290 391 1340 rum
415 1245 608 1337 videbitur:
634 1262 689 1338 sic
713 1262 820 1337 etiam
846 1266 904 1342 30.
929 1265 963 1335 0.
996 1288 1045 1335 ex
1070 1262 1104 1338 P
1128 1263 1256 1337 luenda

241 1454 244 1471 ,
311 1403 378 1479 pro
409 1377 562 1472 locusta,
592 1378 650 1467 30,
681 1378 740 1462 01.
771 1402 816 1451 ex
844 1373 881 1452 P'
900 1375 958 1451 Bb
986 1377 1180 1467 uictumae,
1208 1378 1255 1464 30,

183 1552 185 1557 .
258 1498 295 1551 ¹⁰
312 1492 370 1564 04.
401 1492 459 1563 05.
479 1492 794 1591 promunturium,
824 1490 883 1582 30,
913 1492 972 1565 30.
1003 1516 1051 1564 ex
1082 1490 1116 1568 P
1146 1488 1254 1565 adalo

309 1604 499 1690 scentiam,
524 1604 582 1690 30,
599 1604 657 1675 03.
683 1604 905 1679 existumare
928 1606 1194 1682 restituendum
1214 1603 1255 1680 vi-

280 1818 282 1823 ,
312 1716 470 1795 debatur.
495 1762 547 1777 —-
570 1715 714 1791 Deinde
744 1744 825 1792 cum
854 1717 980 1795 Livius
1011 1719 1254 1795 adiectivorum
1296 1671 1302 1839 l

110 1892 111 1898 ,
310 1830 541 1931 quorundam,
554 1832 805 1930 comparativis
826 1831 995 1934 singulari
1013 1835 1157 1909 ratione
1178 1854 1252 1906 usus
1297 1842 1299 1912 3

129 2030 130 2037 ¹
230 1978 234 1984 ··
311 1947 370 2036 sit,
388 1972 462 2020 non
479 1943 720 2021 dubitavimus
735 1948 794 2037 30,
811 1946 869 2019 06.
887 1972 968 2023 cum
987 1946 1046 2027 Bb
1066 1940 1253 2023 BrRTM
1294 1989 1298 2016 t

183 2082 190 2108 x
258 2058 347 2151 taA
370 2058 604 2159 pluribusque
636 2057 748 2133 Drak.
780 2059 954 2134 scribere:
972 2058 1251 2141 sicut‘dabites,
1292 2079 1300 2228 p

163 2258 166 2264 ,
311 2182 430 2247 utram
461 2174 610 2272 ingenio
640 2176 847 2247 cunctatior
865 2174 995 2275 faerit
1023 2200 1079 2245 an
1099 2174 1187 2276 qnia
1207 2172 1252 2243 ita

164 2302 166 2307 ’
310 2284 432 2359 bellot
451 2340 459 2356 .
477 2297 600 2386 aptam
625 2294 727 2359 crat:
750 2285 804 2361 sic
829 2286 924 2361 enim
948 2285 1056 2388 paulo
1078 2297 1163 2362 ante
1177 2282 1250 2360 scri·

310 2408 412 2500 ptum
434 2406 514 2473 'erat
537 2400 682 2478 cantior
705 2403 827 2474 tamen
849 2425 957 2502 priam
974 2404 1183 2503 promptior
1199 2396 1250 2471 tic

249 2500 253 2515 Χ
309 2512 476 2602 liabitas,-
494 2522 531 2587 et
554 2512 650 2614 apud
660 2511 815 2589 Plinium
839 2539 896 2615 ep.
921 2516 1033 2603 0,163
1057 2516 1117 2606 „si
1141 2536 1249 2592 veren-

258 2627 397 2727 ndum
436 2635 535 2702 esset
564 2653 610 2701 ne
643 2626 742 2727 quod
776 2651 844 2727 ego
863 2626 1073 2722 dedissem,
1110 2625 1248 2733 populus

311 2740 481 2841 eriperet,
513 2742 719 2815 cunctatior
745 2740 900 2820 sortasse
936 2753 974 2819 et
1006 2746 1154 2819 auidior
1180 2762 1248 2814 esse

310 2855 511 2930 debemur
539 2880 622 2928 nam
654 2856 761 2956 quod>
778 2857 819 2931 in
843 2855 951 2963 Vqss.
987 2856 1067 2957 cod.
1098 2856 1176 2931 Liv.
1203 2874 1247 2925 ro

310 2969 450 3070 peritur
473 2972 708 3056 ,candantior
741 2977 816 3047 non'
844 2968 957 3071 magis
981 2970 1069 3046 nihi
1093 2970 1247 3072 probatur

133 3184 134 3189 Ἰ
308 3108 418 3184 qnam
435 3082 559 3187 eadem
576 3086 777 3162 emendatio
793 3113 847 3188 ap.
865 3083 956 3162 Plin.
972 3083 1011 3158 in
1028 3082 1083 3159 ed.
1098 3071 1246 3161 Roma
1302 3075 1304 3132 l

255 3204 293 3265 'aa
313 3201 345 3285 1,
374 3200 435 3270 18:
456 3196 705 3300 incorruptius.
731 3202 763 3290 1,
776 3202 839 3274 493
863 3198 1113 3300 contemptior.
1139 3201 1170 3288 1,
1192 3193 1244 3267 56:
1302 3243 1303 3250 κ

112 3409 115 3415 ,
309 3309 493 3411 ignotiora.
509 3314 544 3402 0,
557 3314 596 3385 33
614 3312 773 3387 solutior.
784 3314 819 3403 0,
835 3316 903 3387 473·
918 3312 1137 3389 cumulatior.
1148 3308 1181 3401 0,
1192 3306 1250 3414 50
1302 3318 1304 3428 q

206 3428 209 3433 '
308 3424 521 3525 suspectior.
533 3428 567 3517 0,
580 3417 643 3501 603
656 3426 835 3529 placatior.
851 3428 886 3517 3,
899 3428 939 3500 03
952 3427 1161 3506 inclinatior.
1172 3420 1245 3512 3‚3:
1302 3431 1303 3502 t

309 3536 524 3638 impeditior.
554 3541 590 3630 3,
615 3546 656 3615 53
687 3541 843 3617 effusior.
870 3542 906 3632 3,
931 3544 995 3617 303
1020 3542 1180 3645 quietior.
1201 3534 1244 3607 iu·

189 3687 194 3696 ·
305 3650 456 3727 tentius.
486 3655 520 3745 3,
546 3658 609 3729 633
641 3655 859 3730 celebratior.
890 3656 925 3747 3,
951 3658 1019 3733 683
1050 3655 1189 3732 auctior.
1215 3646 1243 3730 32

128 3818 137 3835 .
189 3848 194 3856 s
255 3779 292 3835 ao
309 3758 374 3837 693
400 3767 587 3869 acceptior.
612 3771 646 3859 4,
672 3772 712 3844 ct:
736 3768 948 3873 insignitior.
973 3773 1009 3863 4,
1033 3772 1101 3847 363
1127 3762 1242 3852 excita

96 3966 97 3971 ¹
308 3872 387 3953 tior.
419 3879 454 3970 4,
486 3880 558 3955 453Δ
581 3883 852 3973 consideratius.
888 3887 923 3978 4,
951 3887 1017 3962 463
1052 3875 1241 3988 impensius·

1074 4081 1076 4088 .

1080 4271 1083 4280 ι

1219 4490 1226 4503 Ι

1302 4571 1303 4580 .

1296 2231 1300 2276 l
