2667 4717
1303 205 1305 260 i

1295 325 1304 402 'i

230 522 232 527 .
293 444 489 557 buerirnus‘:
505 454 602 556 ania
626 476 706 529 eam
728 462 877 531 scamus
892 448 1121 531 massaria
1137 457 1258 530 ream-
1304 523 1305 556 p

293 572 344 643 rit
365 571 595 699 quaestiones
617 594 666 641 aa
688 593 737 641 sc
754 565 802 643 de
816 565 1146 641 coniurationibus
1155 568 1258 669 pria
1304 561 1305 570 '

152 776 154 787 Δ
293 684 452 788 cipiam
452 680 642 757 habeatem
666 690 735 757 cet

390 776 483 873 cuin
506 798 565 887 30,
590 794 683 871 aa·
671 821 711 871 ιιι
734 793 766 869 P
789 793 847 869 Bb
872 793 1090 897 scriptum
1076 793 1257 871 invenire

258 920 375 985 atur
372 908 509 987 ducere
532 910 717 987 exercitas
738 909 870 984 salitas
891 917 931 983 at
961 916 1025 988 aut
1059 934 1153 985 aum
1175 934 1254 994 saa,
1305 917 1306 1002 ἴ

287 1024 383 1099 duae
407 1024 565 1101 rationes
589 1023 690 1099 vacis
707 1030 747 1099 at
762 1021 1084 1123 interpretandae
1071 1022 1163 1099 iniri
1181 1027 1306 1123 pat-
1305 1073 1306 1114 3

294 1148 405 1228 erant,
437 1148 479 1215 ut
510 1164 551 1213 ea
576 1146 638 1213 aut
663 1162 707 1211 ex
732 1147 907 1237 sequente
936 1162 1026 1213 vace
1059 1146 1132 1217 aut
1165 1161 1253 1211 sum·

290 1262 354 1353 pta
377 1251 569 1335 videretur.
594 1276 702 1353 quem
733 1248 780 1323 ad
802 1250 947 1325 madum
975 1252 1035 1341 30,
1069 1253 1131 1325 tt.
1164 1249 1203 1323 iu
1225 1246 1252 1321 P

292 1366 348 1439 Bb
373 1390 439 1467 pro
464 1374 547 1439 tuas
571 1366 744 1466 scriptum
769 1374 828 1439 est
849 1375 934 1439 tuas
948 1374 1008 1454 ta,·
1031 1372 1101 1439 aut
1123 1362 1253 1461 scripta

241 1497 276 1551 10
293 1478 474 1555 videretur
498 1504 564 1579 pra
588 1488 657 1565 eet,
683 1504 756 1578 qua
781 1477 994 1588 compendia
1017 1489 1122 1553 esset
1148 1485 1250 1575 saepe
1306 1509 1307 1548 ι

146 1638 148 1645 ,
291 1602 453 1665 natatum
478 1602 544 1667 est.
570 1618 615 1667 ex
638 1586 748 1665 altera
772 1590 910 1666 ratione
935 1591 1118 1667 omissuin
1142 1598 1202 1665 est
1216 1596 1250 1660 nt
1304 1575 1309 1676 i

290 1704 390 1793 inlr,
415 1703 513 1805 quod
528 1701 889 1806 reprehendendum
886 1730 960 1781 naa
983 1703 1153 1793 videtur,
1175 1726 1250 1777 carn
1303 1701 1307 1785 ξ

170 1840 175 1853 ’
290 1818 416 1897 Livius
441 1816 537 1894 haud
552 1845 632 1895 raro
650 1818 799 1895 verbam
815 1818 1083 1925 pubstantivum
1100 1818 1153 1892 ita
1169 1813 1248 1889 omi·
1302 1817 1305 1858 ³

79 2026 82 2037 Ι
291 1934 394 2009 serit:
426 1932 484 2030 (ci.
516 1935 573 2022 3,0
606 1934 663 2005 39.
696 1956 790 2032 qaae
821 1942 1017 2031 concepta:
1047 1932 1112 2028 al)
1145 1911 1302 2005 altera

126 2132 128 2137 ¹
240 2064 273 2121 15
289 2045 428 2121 ratione
452 2046 491 2119 in
515 2044 567 2121 Br
590 2045 764 2145 scu'ptum
786 2045 874 2119 salit
859 2056 917 2117 tas
932 2053 1037 2130 esset,
1064 2069 1179 2145 quam
1199 2068 1246 2114 ra·

152 2162 155 2183 '
289 2159 426 2233 tionem
450 2166 487 2231 et
511 2156 581 2257 ipsi
606 2158 723 2233 secuti
746 2182 881 2248 samus,
912 2183 994 2233 aum
1024 2159 1245 2235 recentiores

292 2271 502 2371 scripserint
531 2270 663 2343 solitas
684 2272 745 2345 sit.

388 2382 532 2459 Deinde
549 2406 631 2457 cum
645 2405 820 2484 persaepe
838 2355 973 2483 syllaba
988 2408 1040 2469 er,
1066 2381 1244 2459 interdum
1303 2358 1306 2444 i

174 2520 177 2535 '
238 2490 399 2574 etiarn
423 2522 475 2585 re,
501 2498 546 2571 ab
570 2496 727 2596 antiquis
751 2494 903 2572 librariis
927 2494 986 2571 vel
1009 2495 1199 2573 lineola
1169 2520 1244 2571 srm-
1307 2497 1308 2510 ’

240 2628 275 2686 aa
292 2612 376 2711 plici
400 2606 459 2685 rel
482 2610 543 2685 illo
574 2607 783 2713 apostrophi
816 2608 918 2710 signa
942 2619 1147 2703 notaretur,
1177 2632 1244 2683 nan

92 2796 94 2803 s
115 2798 128 2815 ,
294 2722 532 2801 dubitavimus
549 2724 608 2815 30,
629 2725 695 2811 10,
716 2719 778 2795 ubi
801 2720 1020 2801 inomnibus
1037 2752 1150 2801 manu
1165 2720 1244 2800 scri·

153 2874 158 2887 ·
294 2838 368 2939 ptis
397 2848 592 2939 postquam
627 2833 810 2911 inventum
848 2845 921 2927 est,
952 2848 1106 2937 praeter
1141 2859 1243 2939 qaam
1309 2847 1310 2852 ’

296 2951 467 3027 scribere:
494 2962 531 3027 et
557 2948 653 3051 quad
677 2948 768 3023 haee
791 2975 861 3024 vax
885 2948 997 3027 malta
1015 2952 1137 3053 patiar
1152 2948 1241 3028 vide

294 3067 399 3140 batur
431 3089 535 3165 quam
568 3073 821 3165 contraquam,
852 3073 895 3139 at
925 3064 1009 3140 inde
1040 3066 1085 3141 ab
1116 3064 1150 3141 F
1179 3064 1242 3138 hoc

242 3202 277 3264 25
294 3177 375 3258 laea
399 3180 569 3278 seriptum
595 3186 662 3267 est,
694 3187 731 3251 et
756 3175 854 3277 quad
877 3186 965 3277 past
996 3204 1076 3253 cum
1095 3184 1241 3280 praeter

173 3332 174 3339 κ
296 3303 334 3367 et
357 3291 442 3369 alias
465 3293 505 3367 in
529 3292 663 3365 nostris
687 3290 787 3365 libris
812 3301 1067 3369 commutatum
1081 3292 1242 3369 vidimus.

296 3406 383 3481 nihil
408 3406 502 3481 eninr
518 3404 587 3489 hae
603 3402 732 3482 ruendo
754 3403 891 3480 facilius
908 3405 1024 3497 fiebat,
1040 3434 1122 3483 num
1138 3407 1246 3502 saepev

297 3542 364 3620 pro
383 3531 469 3619 part
485 3518 701 3595 scriberetur
711 3517 753 3618 μ’
768 3517 826 3595 vel
836 3519 904 3619 pt',
920 3522 1122 3605 neeminas
1139 3540 1239 3616 saepe

216 3688 223 3697 ,
295 3634 350 3730 pt’
374 3658 439 3731 pra
458 3642 617 3731 praeter.
643 3632 697 3706 sic
720 3634 779 3721 30,
807 3634 861 3715 18.
892 3634 930 3708 in
960 3636 992 3711 L
1025 3633 1237 3737 repperimus

246 3774 282 3827 aa
295 3754 380 3849 past
411 3768 509 3844 spem
545 3771 610 3846 pro
642 3754 793 3843 praeter
823 3768 942 3847 spem·
977 3753 1033 3825 30.
1058 3753 1114 3823 ta.
1134 3744 1234 3848 p’t'p·

300 3880 366 3965 pro
385 3869 661 3961 praeterquam.,·
690 3860 748 3950 30,
773 3862 831 3941 tt.
864 3861 903 3937 in
927 3859 975 3949 Ρ»)
993 3874 1047 3962 aa
1062 3854 1236 3960 carthagi·

643 263 861 397 'auu
