2667 4717
1321 219 1322 280 l

801 331 894 403 re
1321 377 1322 468 q

353 498 532 591 expectatio
559 489 756 567 successoris
778 496 905 567 venturi
932 497 973 563 ad
1000 510 1143 589 paratam
1171 500 1322 588 alterius}

351 604 460 673 labore
483 626 520 670 ac
535 604 690 700 perieulis
712 604 792 671 finiti
813 602 902 672 belli
909 600 1028 670 lamam
1049 602 1243 689 soliciteret,
1269 608 1324 677 ad
1322 623 1324 660 Ι

350 732 465 798 pacem
487 708 631 775 omnium
654 708 750 775 animi
772 708 856 776 versi
883 718 968 777 sunt.
1322 761 1323 770 ,

323 879 326 889 ,
437 812 606 881 XXXVII.
650 812 787 881 Postero
808 812 860 881 die
873 813 1030 881 revocatis
1050 814 1162 905 legatis
1178 826 1323 890 etcum

315 916 450 985 tmulta
472 914 677 1009 castigatione
698 917 850 1008 perfidiae
871 917 1008 1003 monitis,
1030 931 1067 986 nt
1088 930 1137 987 tot
1159 920 1301 988 cladibus

350 1022 455 1091 edocti
476 1022 606 1091 tandem
628 1022 707 1089 deos
730 1032 763 1089 et
783 1022 1003 1093 iusiurandum
1030 1048 1100 1093 csse
1122 1026 1301 1107 crederent

349 1128 552 1196 condiciones
573 1128 661 1219 pacis
683 1127 796 1210 dictae,'
816 1138 854 1194 ut
875 1126 967 1195 liberi
989 1128 1113 1220 legibus
1134 1130 1205 1199 suis
1221 1130 1297 1197 vive-

348 1238 435 1316 rent}
458 1246 538 1325 quas
560 1232 648 1301 urbis
677 1256 824 1323 quosque
853 1256 945 1323 agros
971 1234 1155 1325 quibusque
1186 1232 1324 1301 finibus}

349 1336 558 1405 ante-bellum
574 1336 761 1420 tenuissent,
776 1349 933 1421 tenerent,
948 1338 1191 1439 populandique
1206 1340 1292 1406 smen
1323 1339 1324 1358 *

297 1448 335 1507 1⁰
351 1464 390 1510 eo
419 1442 470 1509 die
499 1442 663 1510 Romanus
690 1442 819 1510 faceret.
851 1441 998 1535 perfugas
1024 1442 1245 1535 fingitivosqne
1269 1454 1295 1508 et
1324 1485 1326 1542 q

348 1546 490 1637 captivos
513 1545 616 1615 onmis
638 1545 810 1615 redderent
827 1547 990 1631 Romanis,
1014 1558 1047 1615 et
1067 1571 1166 1615 naves
1188 1558 1295 1615 rostra
1324 1561 1325 1583 ¹

347 1662 395 1719 tas
416 1661 544 1740 praeter
566 1651 679 1720 decern
693 1650 838 1719 triremes
852 1652 1023 1730 traderent,
1046 1650 1297 1739 elephantosque
1323 1585 1326 1722 l

348 1750 430 1846 qnos
452 1754 607 1824 haberent
629 1756 778 1832 domitos,
798 1767 907 1843 neque
929 1751 1095 1820 domarent
1122 1753 1216 1821 alios.
1237 1754 1293 1821 bel·
1323 1798 1325 1802 -

346 1857 415 1923 lum
434 1878 518 1923 neve
540 1854 573 1921 in
595 1853 701 1923 Africa
722 1877 805 1921 neve
827 1866 917 1923 extra
940 1854 1083 1923 Africam.
1100 1856 1226 1925 iniussu
1246 1882 1293 1948 po·
1321 1900 1326 1936 η

297 1968 330 2023 15
347 1960 415 2053 puli
436 1960 573 2027 Romani
600 1968 757 2051 gererent.
780 1958 965 2027 Masinissae
980 1984 1034 2030 res
1049 1962 1224 2029 redderent
1237 1962 1291 2029 loe
1321 1981 1327 2014 2

322 2054 472 2155 'dusqne
495 2088 569 2132 eum
592 2085 631 2130 eo
654 2064 805 2131 lacerent.
827 2062 1022 2132 firrnaentum
1036 2066 1290 2157 stipendiumque
1320 2108 1327 2144 ις

346 2170 486 2253 auxiliis,
515 2170 619 2237 donec
644 2169 685 2234 ab
712 2168 879 2236 Romanis
893 2168 989 2261 legati
1015 2171 1188 2255 redissent,
1210 2194 1289 2263 pree·
1325 2186 1326 2205 ¹

345 2286 474 2345 starent.
498 2274 611 2343 decem
632 2272 720 2341 milia
734 2271 891 2352 talentum
913 2274 1034 2367 argenti
1048 2274 1208 2343 describta
1223 2299 1288 2367 pen-
1324 2232 1326 2327 l

345 2380 487 2449 sionibus
509 2378 619 2470 aequis
641 2378 675 2443 in
697 2401 797 2445 annos
811 2378 1039 2470 quinquaginta
1053 2379 1228 2449 solverent
1242 2379 1287 2445 ol)-

293 2490 329 2545 20
346 2486 430 2553 sides
451 2490 582 2553 centum
604 2481 756 2549 arbitratu
778 2481 937 2571 Scipionis
950 2483 1071 2567 darent,
1093 2508 1135 2552 ne
1155 2485 1286 2551 minores

345 2586 602 2685 quattuordecim
629 2586 719 2653 annis
746 2608 811 2651 neu
829 2586 964 2704 triginta
990 2588 1137 2656 maiores.
1158 2588 1286 2655 indutias

345 2694 387 2759 ita
411 2716 446 2759 se
469 2692 624 2770 daturum,
648 2688 675 2756 si
702 2712 761 2780 per
789 2687 911 2778 priores
938 2690 1074 2758 indutias
1100 2717 1198 2761 naves
1218 2716 1285 2761 one-

346 2796 444 2865 rariae
468 2805 579 2887 captae
603 2814 752 2884 quaeque
770 2791 961 2865 fuissentne
988 2796 1122 2892 navibus
1150 2800 1282 2866 restitne-

346 2911 470 2973 rentur:
500 2898 591 2969 aliter
620 2922 681 2965 nec
708 2895 844 2965 indutias
869 2920 943 2971 nec·
960 2923 1054 2991 spem
1080 2902 1168 2994 pacis
1196 2903 1278 2971 ullan

293 3012 327 3067 ⁹5
344 3031 425 3089 esse.

432 3110 498 3179 Has
516 3108 719 3178 condiciones
736 3107 831 3199 legati
848 3130 922 3187 cnm
936 3106 1071 3177 domum
1085 3110 1204 3182 referre
1219 3107 1283 3182 iussi

344 3263 545 3281 Μ

433 3360 459 3414 1.
477 3356 657 3430 expectatio:
676 3354 717 3411 Bb
732 3352 759 3410 L
775 3352 832 3425 Bt]
850 3356 1024 3431 exspectatio.

431 3446 456 3501 2.
473 3443 626 3517 perieulis:
644 3440 686 3512 L}
704 3440 831 3517 periculo.
845 3470 880 3496 -·.-
891 3442 949 3501 Bt:
964 3442 1109 3516 patente

431 3533 457 3589 2.
476 3529 653 3586 solicitant:
671 3527 713 3585 Bb
731 3528 774 3599 Al
792 3527 954 3587 sollicitaret.

430 3620 455 3675 8.
475 3617 569 3673 urbis:
588 3616 629 3672 Bb
647 3612 705 3685 1³2]
723 3614 811 3673 orbes.

414 3709 457 3763 ll.
476 3704 583 3761 omnus:
601 3702 659 3773 Bb]
684 3720 783 3760 ornnes.

306 3780 308 3785 ⁸
414 3794 457 3849 17.
476 3788 522 3847 od'
533 3788 690 3846 Romanis:
708 3786 731 3845 P
747 3788 806 3859 Bb]
825 3789 858 3849 ab
877 3788 969 3848 lione.

326 3934 330 3947 ,
415 3882 457 3936 18.
476 3878 577 3935 miliar
595 3876 636 3933 sst
654 3874 708 3946 Br]
728 3873 818 3935 millia.

417 3964 640 4031 18.descrttro:
660 3962 698 4034 P]
724 3962 863 4038 descripta.
909 4016 923 4029 ,
