2667 4717
536 360 596 411 nm
634 380 643 393 ·

89 502 284 578 intervallo
308 516 448 609 quaque
472 502 682 613 diremptas,
707 499 937 610 quad'simile
955 502 1043 607 quid
1090 563 1095 571 .

86 620 143 708 30,
161 620 219 694 33.
243 617 412 706 „modica
436 615 571 696 deinde
596 620 789 699 interuallo
814 618 969 703 renam
992 617 1043 694 le·
1088 637 1101 659 ·’
1122 698 1154 723 1,

86 732 283 833 gebatur,'
272 758 305 808 rs
331 758 417 845 sane
441 735 598 835 pessime
615 730 668 808 de
681 733 788 809 Livio
808 735 955 814 meritus
974 744 1042 810 est
1102 794 1106 803 ,

84 846 382 945 30,11‘l.,ubi
370 874 409 921 m
440 847 497 922 Bb
537 855 595 923 est
630 848 672 922 in
701 846 872 926 secundis
888 847 1076 1035 paperes

83 960 347 1063 seripserunt
330 988 370 1035 an
393 960 563 1038 secundis
585 961 692 1037 rebus
715 988 856 1069 sapere,
888 961 1039 1037 fortasse
1072 964 1092 1020 5

83 1074 182 1175 quod
204 1073 310 1177 paula
335 1086 419 1161 ante
443 1075 629 1179 legebatur
644 1075 753 1149 rebus
766 1073 948 1163 secandis,
972 1100 1040 1151 nec
1108 1173 1111 1180 .

81 1188 330 1283 meminerant,
360 1191 571 1303 saepissime
603 1189 699 1292 apud
732 1187 876 1268 Livium
911 1198 1040 1265 neutra

81 1247 337 1381 adiectivoruni
372 1332 445 1412 pro
483 1304 724 1380 substantivis
761 1302 901 1405 scripta
935 1328 1039 1405 repe-

80 1416 152 1490 riri.
178 1416 304 1493 eodem
328 1419 408 1495 lace
430 1420 476 1495 ad
498 1417 714 1493 Barahinae
738 1418 953 1499 addiderunt
964 1416 1038 1537 fa·
1107 1413 1112 1421 ’

28 1592 29 1595 ,
74 1532 209 1621 atiani,
233 1534 447 1640 quamquam
475 1533 533 1609 tali
558 1530 809 1638 supplemento
840 1557 931 1638 opus
961 1556 1035 1611 non
1056 1532 1090 1588 ¹⁰
1190 1629 1193 1643 ι

79 1655 158 1720 erat
178 1664 254 1721 vnec
286 1646 482 1749 quidquam
517 1647 594 1722 eius
633 1647 774 1749 generis
807 1645 846 1721 in
876 1646 1035 1750 antiquis

70 1754 178 1833 libris
202 1760 458 1836 inveniebatur.
483 1763 541 1849 30,
562 1760 627 1848 12„
652 1759 725 1832 ubi
738 1758 940 1832 detractam
954 1779 1035 1836 eant

28 1954 30 1975 .
69 1870 223 1973 geniali
243 1870 333 1946 inP
356 1871 423 1945 Bb
440 1881 506 1962 est,
532 1872 755 1975 scripserunt
781 1877 862 1944 toro
882 1873 1035 1972 geniali.
1091 1917 1093 1920 -

28 1987 30 2035 ³
76 1985 138 2072 30,
169 1988 222 2058 17.
254 1984 416 2085 quamvis
437 1984 489 2059 -in
520 1984 678 2085 antiquis
713 1981 815 2057 codd.
847 1994 947 2059 esset
977 2011 1037 2059 sa-

73 2098 168 2201 gula
181 2118 371 2200 purpurea
392 2096 465 2173 dno
488 2122 568 2171 anan
583 2087 902 2199 fibulissingulis,
927 2100 1036 2180 scribi
1056 2100 1089 2159 15

28 2252 30 2265 ·
75 2204 267 2287 voluerunt
297 2236 378 2285 enm
393 2208 528 2313 fibulis
559 2211 683 2297 aureis
713 2210 879 2311 singulis.
910 2214 968 2299 30,
1001 2216 1034 2286 5.
1134 2247 1136 2250 ’

78 2336 113 2400 et
137 2326 197 2399 35.
223 2323 430 2399 adiecerunt
453 2321 584 2418 multos
609 2331 645 2396 et
670 2321 776 2430 multi
794 2323 916 2400 invitis
933 2325 1033 2407 libris
1141 2399 1145 2406 ,

77 2437 234 2538 antiquis
260 2431 438 2513 omnibus.=
459 2435 565 2511 simili
591 2436 709 2511 errato
733 2432 933 2539 ex'Sigonii
950 2443 1057 2514 con-'

77 2554 215 2627 iectura
235 2552 294 2639 98,
323 2552 377 2625 19.
401 2550 620 2633 recentiores
653 2550 878 2651 scripserunt
901 2561 940 2625 et
962 2582 1033 2635 me.

78 2668 256 2741 minerant
290 2674 327 2739 et
357 2662 599 2738 admonebant
619 2664 699 2752 alii
728 2660 837 2768 alios}
869 2668 1030 2766 quamvis
1050 2674 1086 2729 20

78 2778 121 2869 id,
147 2776 248 2880 quod
272 2778 309 2851 in
335 2770 407 2879 opt
431 2776 531 2857 libris
565 2770 634 2865 est,
666 2780 868 2854 rectissime
900 2807 940 2861 se
971 2783 1033 2857 lra-

80 2891 177 2968 beret
202 2900 239 2965 et
255 2890 492 2969 meminerant
513 2900 550 2967 et
567 2891 809 2972 admonebant
825 2894 932 2979 alios,
949 2920 1032 2987 snp-

76 3007 227 3106 plieinm
251 3029 299 3079 aa
323 3031 363 3079 se
380 3030 453 3080 nan
469 3006 662 3082 uictoriam
680 3007 772 3105 peti.
788 3008 856 3098 -30,
876 3007 946 3098 ib,
964 3008 1032 3085 sci·

80 3117 157 3195 licet
182 3128 225 3195 ut
249 3118 319 3193 dno
345 3116 414 3194 sibi
438 3117 700 3219 responderent
731 3118 914 3211 adiectiva,
945 3122 1033 3195 seri·
1114 3137 1116 3142 '

28 3298 29 3305 ,
80 3243 226 3331 pserunt
237 3230 405 3335 pluribus
418 3224 588 3313 victoriis
600 3242 636 3313 et
651 3232 851 3313 maioribus
861 3234 1028 3340 praelim,
1046 3246 1093 3311 25⁴
1179 3270 1191 3288 -0

81 3372 289 3447 quamquam
308 3346 478 3446 pluribus
500 3373 569 3429 nec
592 3348 631 3429 in
655 3345 755 3428 PBb
779 3373 847 3421 nec
871 3348 910 3442 in
935 3360 1030 3432 eete-
1132 3355 1135 3367 '

79 3461 123 3536 ris
145 3460 249 3539 libris
280 3460 436 3563 antiquis
469 3470 533 3537 est
565 3463 622 3550 30,
648 3460 706 3539 27.
731 3481 802 3561 per
832 3464 1030 3564 quinquen
1090 3472 1094 3475 ’
1136 3543 1139 3549 Υ

79 3576 171 3649 nium
197 3572 302 3664 illud,
329 3596 409 3649 curn
432 3573 470 3653 in
494 3572 700 3653 melioribus
732 3572 834 3649 codd.
859 3575 947 3654 nibil
972 3602 1029 3658 es·
1111 3654 1143 3678 ,.

81 3697 132 3763 set
153 3688 226 3763 nisi
245 3712 317 3789 per
332 3686 621 3796 quinquennium.
639 3688 698 3775 30,
711 3688 769 3762 30.
791 3688 912 3768 invitis
925 3688 1025 3766 libris

80 3801 231 3903 antiquis
261 3800 554 3901 interposuerunt
586 3800 753 3902 inquanm
775 3800 861 3882 item
893 3803 952 3892 30,
966 3806 1022 3877 to.
1040 3816 1077 3869 so

28 3906 30 3997 ἒ
81 3910 169 4009 dari,
194 3938 408 4017 quamquam
431 3913 468 3993 si
483 3936 616 4015 pacem
640 3940 711 4015 per
740 3914 784 3989 P.
812 3912 1024 4032 Sapientem
