2667 4717
562 294 612 349 vu
688 317 694 334 ι

68 468 71 476 J
112 442 151 509 et
176 429 325 510 alterum
349 433 447 517 illum
472 436 629 514 codicem
660 435 705 513 ab
730 419 884 545 septimo
908 437 989 514 iibri
1011 439 1064 540 ri·
1149 509 1152 522 ,

4 588 13 611 s
86 548 236 624 acesimi
261 550 378 651 quarti
409 552 524 653 capite
554 544 671 653 usque
702 550 748 625 ad
778 550 950 628 tricesimi
980 553 1095 629 tibri'
1195 552 1202 564 ’
1234 586 1236 592 ’

106 662 218 737 smem
248 664 432 741 Livianam
469 667 664 741 orationem
701 666 1072 767 comprehendentem
1175 716 1178 721 -
1303 703 1307 720 =

104 773 183 853 uon'
206 777 313 853 modo
337 802 410 853 nou
434 780 533 879 parvi
558 776 760 856 babendum
790 780 855 855 sed
886 781 992 858 etiam
1024 782 1063 855 in

105 890 324 992 optimorum
357 891 501 969 decadis
538 893 665 969 tertiae
701 892 873 969 librorum
909 889 1059 971 numero
1093 899 1112 955 ὅ

102 1002 332 1090 referendum
357 1032 447 1083 esse.
470 1029 552 1081 num
570 1006 667 1109 quod
682 1006 721 1081 in
737 1007 851 1108 prima
875 1008 954 1085 eius
978 1008 1060 1089 libri
1192 1054 1195 1059 ·

103 1124 210 1218 parte
231 1117 343 1211 multa
373 1120 501 1195 menda
523 1112 753 1224 ¹deprehendi
781 1129 952 1221 possunt,
989 1120 1059 1197 hoe
1132 1137 1137 1146 ‘

103 1230 191 1310 inde
228 1231 359 1307 sactum
396 1234 554 1330 videtur,
590 1235 689 1336 quod
725 1233 890 1309 librarius
925 1235 1059 1309 littera·
1157 1300 1163 1311 .

4 1342 5 1373 ³
101 1370 185 1419 rum
210 1346 433 1451 antiquarum
457 1346 551 1454 haud
576 1349 625 1422 ita
649 1348 797 1449 peritus,
822 1374 903 1425 cum
928 1347 1059 1425 oratio·

4 1484 5 1493 ¹
101 1482 189 1533 nem
212 1484 290 1535 uno
310 1486 352 1535 ac
375 1462 544 1537 contiuuo
574 1472 700 1537 tenore
725 1462 894 1563 scriptam
918 1461 1111 1562 perspi-1⁰

101 1596 187 1647 cere
212 1582 322 1674 atque
339 1573 507 1677 expedire
525 1576 702 1676 nequiret,
718 1601 787 1650 nec
804 1602 846 1649 ea
863 1600 956 1677 quae
974 1601 1057 1650 con·

99 1680 280 1787 iungenda
312 1697 430 1797 crant,
462 1680 604 1790 semper
639 1687 952 1791 aptesconiunxit,
987 1672 1063 1763 nec

100 1825 199 1898 quac
224 1800 418 1901 separanda
450 1812 561 1891 erant,
592 1802 682 1875 scite
710 1800 849 1879 &visita
880 1826 952 1901 quo
981 1799 1057 1875 lou-

97 1913 182 2003 gius
215 1918 336 1987 tamen
371 1913 410 1987 iu
445 1911 634 1987 scribendo
664 1937 880 2013 progressus
904 1923 977 2003 est,
1011 1939 1057 1988 eo
1106 1967 1110 1971 -

54 2081 57 2087 -
95 2026 241 2113 minore
264 2025 406 2101 inscitia
429 2001 589 2115 remiiIe
613 2049 714 2100 suam
737 2025 921 2114 factitavit,
953 2033 995 2100 ut
1018 2026 1056 2099 in
1075 2032 1109 2092 ¹⁶

98 2127 362 2242 posterioribus
381 2139 458 2215 eius
476 2137 556 2243 libri
576 2139 738 2239 partibus
758 2137 848 2213 nibil
866 2136 1057 2215 admodum

16 2272 19 2280 ·
101 2252 297 2342 desiderari
326 2253 455 2355 possit,
485 2250 560 2341 uisi
585 2250 785 2352 perfectum
817 2253 1071 2353 omnibusque

100 2367 259 2455 numeris
285 2365 484 2474 absolutum
509 2363 638 2440 librum
664 2364 926 2457 haberemus,
951 2366 1054 2444 cuius

101 2480 243 2577 generis
267 2479 326 2556 vel
349 2478 437 2555 nulii
461 2504 513 2553 cx
542 2477 612 2555 illis
643 2480 800 2580 antiquis
829 2481 1051 2582 temporibus

5 2654 7 2659 .
101 2604 185 2671 sunt
209 2592 267 2673 vel
291 2592 467 2695 perpauci
491 2617 560 2667 nec
582 2602 704 2671 tamen
728 2594 773 2672 ab
795 2592 920 2668 eodem'
936 2603 1052 2670 totum
1069 2605 1107 2660 20

100 2708 229 2795 librum
254 2707 471 2808 descriptum
497 2714 579 2781 esse
608 2705 762 2797 librario,
792 2700 866 2781 non
896 2717 969 2781 tam
1001 2706 1055 2781 di·
1122 2742 1125 2749 ·

100 2848 243 2899 versum
259 2820 345 2901 illud
359 2820 496 2897 litteras
514 2819 616 2921 ipsas.
628 2820 799 2923 pingendi
815 2846 939 2921 genus,
955 2820 1053 2922 quod
1196 2868 1216 2877 -·

100 2935 137 3011 iu
160 2964 231 3011 una
257 2932 398 3038 plagula
416 2942 571 3008 extrema
589 2934 708 3033 priore
726 2933 837 3008 multo
855 2934 1052 3037 elegantius

101 3048 296 3141 iuvenitur,
331 3047 436 3124 nobis
470 3044 615 3149 probat,
653 3070 759 3145 quam
790 3046 888 3145 quod
920 3049 959 3122 in
991 3047 1052 3121 iilo

100 3174 284 3263 postremo
319 3161 410 3237 libro
440 3181 638 3265 pronomen
670 3160 705 3233 is
740 3183 813 3232 non
850 3158 969 3237 addita
996 3159 1052 3235 lit·
1069 3176 1126 3233 25.

5 3308 6 3313 ¹
101 3276 224 3352 tera‘b
257 3286 448 3381 spectatur,
468 3266 856 3377 ¹quam'praescribere
890 3272 960 3349 illis
989 3299 1053 3351 vo·

104 3386 200 3467 cibus
224 3400 335 3491 atque
361 3392 468 3467 etiam
495 3415 588 3489 qnae
614 3387 775 3465 eiusdem
799 3386 942 3489 generis
968 3402 1051 3464 esse

103 3502 322 3595 videbantur,
353 3503 442 3579 alter
471 3500 530 3577 ille
559 3501 724 3577 librarius
753 3502 805 3576 ita
835 3512 1052 3592 assueverat,

105 3625 145 3690 ut
166 3645 247 3709 oum
272 3615 609 3697 inundetricesimo
632 3626 711 3691 tum
740 3614 779 3689 in
802 3614 982 3693 uicesimo
1004 3614 1053 3690 ·li-
1100 3654 1105 3663 ·

105 3726 168 3808 bro
189 3775 240 3792 -
263 3756 347 3807 num
377 3728 416 3805 iu
443 3729 621 3831 prioribus
654 3728 756 3806 libris
784 3730 854 3805 hoc
880 3727 1053 3811 ,mendum
1068 3748 1106 3803 oo

107 3866 176 3923 uon
205 3846 258 3925 ita
288 3841 482 3949 reperitur,
497 3869 583 3962 pqua
613 3841 737 3925 revel
762 3840 808 3925 de
832 3831 939 3925 tortio
964 3867 1053 3944 quo-
