2667 4717
215 306 236 343 „a

473 381 594 476 xxxxv
728 371 734 379 ’

62 526 115 605 dio
125 529 287 633 inprimis
301 530 523 634 quorundam
534 529 723 612 latinorum
730 529 916 639 poetamm
924 535 1020 612 libri·
1042 595 1044 598 v
1120 569 1134 610 ι
1165 520 1197 573 “’

60 661 202 747 pessum
227 644 301 723 dati
326 657 426 739 sunt3
456 674 547 725 neve
568 649 609 724 in
637 650 747 728 rebus
771 650 1008 753 grammaticis
1128 667 1159 753 j

61 756 250 861 quidquam
281 786 430 862 prorsus
460 760 722 866 improbaretur
745 773 864 866 atque
900 765 1007 841 etiam

60 870 241 969 deleretur,
275 874 373 975 quod
402 901 483 952 eum
513 876 657 979 vulgato
689 903 854 953 sermone
886 878 1005 956 soluto

58 1010 124 1061 non
149 989 248 1063 omni
271 1014 317 1067 ,ex
332 990 434 1119 parte
452 996 674 1093 congrueret
698 1018 781 1067 cum
802 991 896 1069 enim
910 990 1007 1065 baud
1039 1011 1058 1067 s

58 1099 307 1231 ignoraremus
330 1104 400 1179 iam
425 1102 582 1208 antiquis
612 1106 835 1206 temporibus
864 1096 1007 1183 Patavi·

57 1214 125 1291 nita
126 1225 201 1293 tem
238 1217 461 1319 quandam
449 1246 488 1295 m
523 1218 580 1309 bis
608 1216 667 1295 ’.Τ
691 1218 786 1296 Livii
819 1216 1008 1313 annalibus

58 1327 96 1401 ab
129 1330 370 1409 severioribus
406 1332 538 1411 harum
569 1358 689 1409 rerum
724 1306 901 1408 iudicibus
932 1330 1006 1405 ani

56 1443 337 1523 madversamet
298 1447 615 1580 etreprelrensam
640 1470 732 1538 esse,
755 1470 825 1528 nec
847 1442 978 1519 illam
967 1469 1006 1519 m

54 1555 222 1657 singulari
247 1559 401 1661 quodam
417 1564 642 1664 antiquarum
664 1585 784 1637 rerum
799 1555 923 1635 studio
935 1582 1005 1632 neo
1023 1582 1072 1651 ru¹
1143 1559 1167 1656 'x
1247 1552 1261 1566 ⁰
1284 1561 1289 1571 ’

52 1668 87 1743 in
109 1668 171 1746 illa
194 1671 309 1748 lactea
333 1674 495 1767 ubertate
522 1701 594 1776 qua
618 1666 779 1779 singulae
802 1698 863 1749 res
894 1670 1005 1774 expli

51 1794 151 1861 eatae
176 1795 273 1876 sunt,
302 1811 372 1860 neo
400 1786 439 1861 in
469 1788 650 1865 scribendi
679 1813 811 1889 genere
841 1784 885 1859 ab
915 1784 1005 1887 poli
1094 1789 1103 1803 ‘

47 1896 204 1971 tionibus
230 1895 443 1997 quibusdam
466 1894 639 1975 Romanis
672 1898 908 1999 scriptoribus
931 1923 1006 1973 non

48 2036 257 2111 numquam
253 1996 473 2089 abhorrent
449 2021 495 2105 te,
521 2012 622 2107 sed
611 2040 649 2089 m
677 2012 736 2089 his
761 2008 927 2088 omnibus
949 2036 1007 2112 re·

50 2124 118 2198 bus
145 2122 356 2202 coniunctis
370 2125 549 2221 positam
557 2152 640 2224 esse
668 2136 887 2225 putaremus,
910 2148 1007 2198 eum·
1024 2146 1059 2205 rs

30 2263 123 2339 que
149 2232 245 2336 apud
270 2231 531 2335 Quintilianum
555 2262 625 2312 nee
652 2262 763 2316 voees
788 2234 910 2313 siba
893 2263 1006 2339 quase
1115 2231 1117 2236 ’

56 2352 113 2425 ab
119 2348 225 2426 Livio
241 2346 447 2449 repudiatas
462 2374 545 2445 esse
560 2348 776 2455 legeremus:
801 2376 908 2453 quam
924 2378 1006 2426 cau

56 2462 191 2540 tissime
215 2486 258 2535 ae
271 2460 589 2591 diligentissime
578 2490 634 2539 ιιι.
641 2464 791 2541 edendis
815 2464 873 2541 his
898 2490 1005 2541 anna

56 2556 143 2655 libus
168 2575 306 2655 versari
329 2574 461 2653 debere
487 2578 560 2656 edit
545 2588 643 2656 tores
666 2605 877 2683 persuasum
895 2578 1004 2657 habe·

59 2690 187 2767 bamus
203 2690 284 2765 Hor
295 2714 370 2765 non
383 2690 607 2787 dixissemus,
621 2719 789 2795 quomam
799 2702 926 2769 nostro
939 2718 1003 2794 po-
1018 2714 1056 2775 to

59 2805 229 2895 tissimum
259 2814 423 2907 tempore
452 2808 586 2887 nemini
618 2834 693 2886 non
722 2808 816 2883 bane
843 2815 1005 2883 nostram
1101 2815 1108 2844 ¹

60 2920 225 2996 rationem
249 2918 435 3019 probatam
457 2920 534 2995 lore
552 2920 780 3023 putabamus,
803 2920 876 2996 nisi
889 2920 949 3018 pel
965 2919 1006 2993 in
1183 3008 1186 3011 Α

61 3030 275 3109 bekkeriana
308 3032 463 3109 editione
495 3031 678 3134 quaedam,
708 3032 752 3107 ab
767 3032 804 3107 l.
827 3032 887 3111 lo.
912 3033 1006 3109 Gro-
1122 3107 1124 3112 .

62 3150 155 3227 novio
184 3147 336 3249 aliisque
359 3147 466 3251 paulo
496 3146 733 3222 inconsultius
764 3143 869 3237 dicta,
892 3152 941 3204 -‘-·
964 3144 1005 3220 id
1042 3149 1058 3243 J

63 3264 147 3361 quod
163 3262 204 3339 in
222 3272 323 3337 tanta
337 3288 458 3339 rerum
478 3258 776 3337 emendandamm
792 3258 1004 3360 copiaGro·
1019 3287 1056 3344 aa
1088 3275 1091 3278 ’

61 3378 155 3454 novio
175 3374 438 3465 doctissimoxet
454 3374 500 3450 de
515 3374 620 3453 Livio
637 3372 765 3447 molius
784 3399 890 3472 quam
907 3374 1006 3476 quis·
1065 3401 1068 3405 ·

63 3484 158 3587 qriam
184 3491 311 3577 merito
336 3488 501 3566 facillime
524 3489 667 3569 evenire
691 3495 834 3589 poterat
857 3513 1004 3563 -non

62 3604 158 3681 modo
183 3605 232 3679 ita
257 3604 369 3681 relata
395 3604 507 3705 quasi
526 3603 714 3679 maximam
743 3599 821 3690 veri
845 3600 1003 3701 speciem

62 3722 275 3815 praeberent,
300 3716 366 3793 sed
384 3716 491 3796 etiam
508 3706 553 3792 in
577 3717 745 3793 continua
760 3715 894 3793 veteris
917 3716 1004 3792 sori·
1100 3738 1107 3744 ’

63 3835 167 3929 ptoris
199 3832 360 3909 oratione
389 3840 570 3934 tamquam
601 3829 698 3907 haud
726 3827 921 3905 dubitanda
951 3839 1056 3933 art-ao

65 3968 125 4045 qne
137 3946 364 4055 integerrima
376 3943 546 4030 collocata
561 3940 785 4027 vidissemus.
798 3939 886 4046 qnid
899 3941 1003 4033 mim,
1060 4034 1066 4043 ι

151 4204 157 4213 ,
