2667 4717
699 328 785 377 xxvi
811 308 814 315 '

70 551 75 563 s
146 541 147 547 a
264 480 336 548 tam
370 496 470 561 esse,
501 471 533 547 si
565 468 733 572 quidm
754 471 913 550 oratione
945 468 1234 575 desideraretur

201 646 211 665 .
264 612 345 663 cum
368 585 476 689 igitur
500 584 567 665 hac
591 585 730 661 ratione
754 582 850 689 apud
867 583 1077 661 Ciceronem
1102 568 1219 661 deor.

233 706 298 789 1,
323 704 356 775 tr.
380 700 501 777 subest
525 726 584 775 res
607 701 652 775 ab
679 699 937 777 recentioribus
959 700 1021 775 fict
1005 709 1081 775 tum
1097 700 1220 777 videa·

263 824 333 905 tur,
364 823 402 889 et
432 814 468 887 in
498 814 681 945 antiquis
690 812 791 891 libris
822 814 1024 890 inveniatur
1053 816 1128 891 nisi
1153 816 1218 902 sit,

226 929 313 1021 sibi
336 926 565 1005 scribendum
589 926 814 1006 conficimus:
843 929 1000 1017 „etenim
1024 955 1073 1003 ea
1095 956 1219 1003 rerum
1251 1000 1273 1019 ,

262 1045 471 1146 cognitione
494 1041 689 1147 eJ‘lorescat
712 1054 749 1119 et
772 1041 952 1118 redundet
973 1054 1115 1145 oportet
1132 1051 1218 1117 ora

261 1160 335 1233 tio:
361 1182 455 1261 quae
484 1158 560 1231 nisi
588 1158 663 1231 sint
694 1158 741 1232 ab
772 1167 921 1234 oratore
946 1167 1171 1259 perceptae
1179 1165 1217 1231 ct

258 1275 444 1374 cognitae,
469 1271 615 1365 inanem
638 1270 824 1373 quandam
844 1270 956 1347 hahet
976 1271 1217 1379 elocutionem

261 1397 298 1461 et
316 1412 438 1487 paene
455 1382 744 1485 puerilem
648 1398 674 1429 “
769 1387 912 1478 30,.37
938 1411 1017 1459 cum
1042 1372 1080 1458 iu
1101 1383 1136 1459 Ρ
1158 1380 1216 1457 Bb

209 1515 244 1575 to
261 1499 497 1600 Lpariquc
480 1498 634 1597 imperio
650 1525 731 1573 cum
751 1499 930 1599 Scipione
946 1499 1146 1600 imperator
1161 1524 1217 1572 es-

259 1623 326 1701 sct,
358 1612 397 1685 in
427 1611 479 1687 Br
509 1612 727 1721 imperatori
752 1619 848 1687 essct
880 1610 1114 1701 inveniretur,
1144 1610 1216 1719 ipsi

260 1724 470 1826 scripsimus
484 1751 564 1798 cum
579 1723 758 1826 Scipione
774 1726 995 1825 imperatore
1012 1735 1115 1814 essct,
1132 1752 1215 1801 curn

260 1839 298 1915 id
323 1851 360 1915 et
384 1864 443 1941 res
467 1838 547 1940 ipsa
577 1850 617 1913 et
646 1838 771 1915 similis
801 1839 902 1915 locus
927 1842 985 1928 30,
1010 1844 1066 1915 dt).
1092 1850 1217 1941 postu

259 1950 359 2031 lacet.
386 1928 478 2028 Cum
503 1956 563 2043 30,
590 1955 648 2035 33.
673 1954 713 2029 in
728 1953 785 2027 Bb
801 1963 901 2029 esset
924 1954 997 2028 alii
1020 1954 1096 2026 alie
1118 1980 1214 2053 spes,

110 2070 113 2081 '
208 2086 242 2145 15
259 2068 298 2143 in
322 2066 372 2147 Pr
390 2064 466 2141 alie
495 2064 567 2138 alii
594 2090 688 2164 epea,
721 2074 758 2142 et
788 2090 962 2169 persaepe
993 2065 1031 2142 in
1056 2066 1214 2167 antiquis
1274 2062 1277 2065 ⁴

219 2220 220 2225 ¹
259 2180 394 2260 uostris
418 2177 519 2253 libris
536 2178 746 2253 metathesis
763 2177 937 2278 quaedam
952 2179 1141 2255 verborum
1160 2182 1214 2260 in:

258 2294 450 2387 veniretur,
475 2316 556 2368 cunr
581 2289 640 2385 Pa,
663 2292 726 2391 qui
750 2318 771 2365 a
792 2316 878 2401 vero
897 2293 1056 2395 propius
1083 2295 1213 2373 abesse

258 2406 456 2495 videbatur,
485 2404 588 2501 aliae
619 2405 709 2480 aliis
736 2432 820 2507 spes
848 2406 1075 2507 scripsimus:
1099 2394 1213 2485 ‘simili
1266 2421 1269 2424 ’

260 2521 354 2601 euim
379 2519 517 2595 ratione
541 2518 620 2621 ipsa
642 2516 762 2593 littera
785 2546 805 2592 s
829 2520 1031 2595 sexcenties
1049 2520 1213 2622 neglecta

206 2654 242 2718 2⁰
261 2642 327 2717 est
352 2634 441 2708 haec
466 2631 589 2717 eadem
620 2640 705 2708 erat
724 2646 843 2723 causa,
875 2636 1023 2721 cur30,
1050 2638 1105 2706 11
1131 2662 1213 2741 cum

258 2750 310 2850 Br
334 2746 562 2824 scribendum
578 2744 765 2852 ridebatur
775 2772 846 2846 per
867 2755 1005 2819 turmas
1020 2748 1098 2821 suis
1112 2750 1213 2825 aiam

258 2838 400 2949 dantis,
439 2886 651 2961 quamquam
684 2861 723 2935 in
754 2859 805 2935 Br
836 2857 1008 2965 dantibus
1040 2871 1134 2952 erat,
1171 2873 1212 2943 ut

258 3004 367 3078 saepe
396 2974 478 3051 idus
509 2973 567 3049 vel
597 2972 646 3049 it'
671 3000 738 3077 pro
768 2976 803 3048 is
831 2972 1104 3075 scriptumest:
1129 3003 1212 3051 cum

257 3092 296 3167 in
320 3087 595 3185 Pinneniretur
612 3114 685 3189 per
709 3099 847 3163 turmas
868 3114 972 3171 suam
992 3090 1096 3166 uiam
1119 3088 1212 3190 daa-

204 3227 240 3293 ,aa
257 3215 318 3293 tis,
342 3203 381 3281 in
404 3198 461 3279 Bb
480 3228 552 3303 per
575 3210 722 3305 aarum
737 3204 837 3275 uiam
858 3227 963 3275 suam
980 3198 1117 3291 dantis,
1143 3203 1211 3300 sed
1287 3241 1290 3254 =

257 3318 301 3394 ad
333 3316 369 3415 id
401 3316 498 3417 quod
534 3316 571 3389 iu
601 3314 653 3389 Br
684 3324 798 3405 esset,
834 3324 976 3415 praeter
1005 3314 1073 3407 alia
1102 3317 1210 3396 etiam
1241 3394 1244 3398 ,

101 3440 107 3451 ’
131 3428 151 3508 s
256 3430 417 3531 proxime
441 3415 656 3505 antecedens
679 3426 782 3503 iocus
807 3425 1130 3536 cincentidasspes
1145 3442 1210 3536 aut

160 3541 166 3550 ’
251 3545 372 3645 putris
402 3544 462 3619 ira
494 3542 676 3645 adgregat
698 3568 783 3615 suos
813 3544 992 3643 pertinere
1016 3544 1208 3622 videretur.
1296 3599 1299 3603 -

154 3686 157 3692 “
194 3680 196 3687 ’
256 3658 310 3735 sic
333 3658 440 3733 etiam
465 3658 525 3743 30,
551 3658 582 3729 7.
615 3681 696 3731 cum
721 3654 753 3729 [ι
778 3655 1010 3732 ,scribendum
1040 3669 1120 3745 ‚erat
1148 3687 1209 3735 oo·
1255 3735 1262 3747 ,

202 3773 396 3855 uoluntate
420 3780 672 3847 concesserant
697 3770 737 3843 in
761 3766 996 3856 deditionem,
1020 3781 1060 3845 ut
1085 3754 1208 3863 essa.

257 3896 294 3961 et
318 3883 415 3979 alias,
440 3886 601 3985 quamvis
627 3882 664 3959 iu
689 3880 721 3956 P
746 3891 844 3959 esset
876 3884 915 3960 in
945 3880 1138 3973 dicionem,
1171 3885 1208 3960 in
1263 3957 1267 3970 ,

728 4082 803 4156 ιη,
