2667 4717
822 356 871 432 84

372 513 537 620 consulem
559 548 601 592 an
622 520 658 594 P.
681 524 867 618 Scipionem
889 524 1038 592 iuberent
1056 548 1181 617 pacem
1196 525 1276 617 dare,
1294 540 1316 594 et

246 626 250 635 ’
371 626 480 725 quem,
501 632 530 701 si
551 632 769 725 deportandus
791 630 950 710 exercitus
962 629 1075 697 'victor
1096 654 1143 698 ex
1161 631 1263 700 Africa
1282 657 1315 700 eo

372 749 432 821 set,
457 738 642 829 deportare.
669 738 698 805 si
723 724 840 828 pacem
868 753 929 827 per
954 734 991 801 P.
1019 734 1216 825 Scipionem
1242 749 1314 828 atque

245 854 257 877 ⁸
372 843 412 909 ab
436 844 560 910 eodem·
575 843 751 911 exercitum
772 839 935 932 deportari
955 838 1139 923 iussissent,
1163 865 1206 909 ne
1228 842 1313 909 consul

337 956 416 1019 fier
437 947 545 1015 Sicilia
566 948 600 1015 in
624 946 765 1017 Africam
786 948 944 1015 traiceret.
967 945 1048 1014 alter
1062 946 1194 1031 consul,
1216 947 1311 1014 cuilta

246 1114 248 1119 .
368 1055 411 1121 lia
440 1051 609 1135 evenisset,
638 1052 719 1120 duas
746 1051 890 1145 legiones
918 1073 937 1118 a
963 1050 1010 1119 Μ.
1038 1051 1162 1120 Sextio
1191 1063 1309 1144 praetor:

369 1158 539 1250 acciperet.
591 1150 596 1161 ’
867 1151 871 1161 '

457 1260 542 1330 XLI.
586 1261 622 1328 P.
658 1260 803 1355 Scipioni
829 1283 917 1333 eum.
936 1258 1137 1331 exercitibus
1172 1283 1251 1352 quos
1275 1257 1308 1323 ba

369 1364 462 1435 beret
497 1367 532 1457 in
562 1363 727 1457 provincia
761 1364 868 1433 Africa
900 1377 1116 1458 prorogatum
1155 1363 1305 1456 imperim.

318 1486 353 1540 10
371 1468 511 1561 praetori
532 1467 577 1534 Μ.
601 1466 732 1533 Valerio
753 1467 881 1533 Faltoni
902 1467 986 1536 duae
1012 1468 1165 1559 legiones
1191 1469 1224 1537 in
1242 1469 1305 1535 Brat-

369 1576 420 1655 tia,
443 1569 622 1663 quibus·C.
636 1570 747 1638 Livius
768 1571 879 1663 priore
900 1594 985 1639 anno
1007 1576 1207 1664 praefuerat,
1227 1573 1304 1639 decre

369 1690 432 1745 tae.
455 1678 491 1743 P.
513 1674 624 1743 Aelius
651 1686 782 1766 praetor
810 1676 890 1745 duas
917 1676 1062 1769 legiones
1095 1680 1131 1745 in
1162 1677 1255 1746 Sicilia
1278 1673 1316 1737 att

370 1782 430 1847 Cn.
452 1779 614 1848 Tremelio
638 1780 807 1871 acciperet.
829 1780 914 1873 legio
937 1806 1000 1849 una
1022 1784 1070 1851 M.
1087 1784 1192 1852 Fabio
1211 1781 1242 1848 in
1254 1779 1302 1846 sa·

369 1886 506 1968 diniam„
520 1908 619 1975 quam
640 1884 678 1956 P.
699 1884 858 1953 Lentulus
886 1911 946 1977 pro
975 1900 1132 1979 praetore
1160 1886 1299 1958 habuisset

319 2010 352 2065 15
371 1990 560 2059 decernitur.
576 1990 621 2059 Μ.
637 1988 776 2057 Servilio
796 1991 911 2082 prioris
934 1993 1007 2059 anni
1028 1994 1158 2061 consuli
1180 1986 1315 2060 cumnis.

291 2112 293 2118 ’
369 2096 493 2163 duabus
524 2094 602 2159 item
634 2094 815 2179 legionibus
840 2098 875 2155 in
902 2096 1031 2158 Etruria
1059 2107 1261 2185 prorogatum
1279 2090 1315 2153 ia*

251 2185 253 2193 ¹
360 2219 490 2263 'annum
513 2180 696 2285 imperium.
709 2205 768 2262 est.
799 2194 888 2284 quod
915 2195 956 2262 ad
977 2196 1153 2287 Hispanias
1174 2161 1315 2280 attinenti

261 2294 263 2299 ’
370 2300 499 2392 aliquod
529 2322 629 2367 annos
655 2299 721 2367 iam
746 2300 792 2365 ibi
819 2298 863 2399 la.x
880 2298 1068 2369 Cornelium
1095 2302 1258 2371 Lentulum
1277 2289 1314 2362 a:

242 2462 244 2466 ,
368 2407 405 2474 L.
428 2404 584 2473 Manlium
606 2402 797 2472 Aecidinum
819 2428 913 2472 esse:
940 2406 989 2473 uti
1011 2408 1163 2476 consules
1185 2428 1249 2475 cum
1265 2399 1314 2490 trip

316 2526 352 2584 ao
369 2511 462 2579 bunis
485 2495 626 2601 agerent,
648 2519 687 2585 ut
708 2509 736 2576 si
757 2508 807 2578 bis
829 2509 1001 2595 videretur,
1022 2501 1158 2605 plebem
1171 2514 1292 2602 rogarent
1309 2491 1314 2586 l

370 2616 422 2685 cui
443 2614 593 2683 iuberent
613 2613 647 2681 ia
665 2613 818 2707 Hispania
839 2615 1010 2707 imperium
1032 2641 1122 2688 esse:
1144 2618 1172 2686 is
1194 2625 1230 2683 ex'
1243 2597 1313 2746 dull

336 2863 340 2870 '
383 2878 388 2888 ·
457 2862 483 2919 3.
500 2877 603 2934 pacem
622 2877 677 2936 per
697 2856 732 2917 P.
755 2857 938 2941 Scipionem:
959 2860 1002 2917 Bb
1025 2860 1083 2937 1²2]
1104 2880 1196 2941 pacem
1218 2873 1256 2935 ptr
1270 2847 1288 2904 Ρ·
1308 2835 1310 2892 l

368 2947 523 3027 Scipionem
541 2945 609 3003 dari.

454 3036 481 3093 ὅ.
500 3034 653 3091 traiceret:
676 3031 721 3089 Bb
736 3030 777 3093 P2
795 3030 819 3089 la
836 3032 890 3105 Br]
913 3033 1056 3097 lmiieeret.
1178 3067 1182 3073 ·

439 3124 482 3180 10.
500 3121 532 3176 in
548 3118 681 3177 Bruttis:
697 3118 759 3189 Bb]
777 3119 806 3174 in
822 3118 946 3179 Bruttiis.
965 3152 999 3164 —
1017 3121 1071 3183 P2:
1094 3124 1128 3180 in
1143 3117 1240 3178 Brutia.

439 3211 481 3265 13.
504 3204 661 3264 Tremelio:
684 3204 726 3260 Bh
745 3204 784 3266 1²2
802 3203 825 3262 1.
842 3203 882 3262 Br
899 3206 925 3263 R
943 3204 967 3264 T
985 3206 1013 3265 Μ
1031 3210 1076 3279 A]
1100 3202 1238 3266 Tremellio.

440 3296 483 3352 16.
499 3300 694 3369 prorogatum
707 3293 738 3348 r'n
756 3311 865 3349 annum
880 3293 1032 3369 imperium
1049 3304 1109 3354 eat:
1127 3290 1199 3370 codd.
1209 3279 1288 3362 quidm

366 3380 387 3439 l.
397 3380 427 3441 F.
439 3380 583 3449 Gronorii]
601 3389 772 3455 prorogatam
788 3381 930 3458 imperinm
947 3391 997 3442 eat.
1010 3414 1043 3426 -
1061 3382 1117 3440 Bb:
1128 3376 1288 3458 prorogantl

257 3513 260 3529 ,
368 3509 375 3524 .
394 3511 402 3527 .
421 3510 429 3526 .
448 3510 456 3526 .
473 3466 625 3539 imperium
642 3462 697 3526 det.
1147 3457 1151 3463 ⁴
1200 3480 1202 3485 ’

438 3554 482 3611 18.
500 3552 641 3629 aliquod:
657 3552 716 3626 Bb]
733 3552 844 3632 aliquot.
1267 3575 1271 3579 '

307 3693 318 3711 .·
356 3701 358 3705 ,
437 3642 479 3697 18.
498 3658 593 3697 aanor
614 3641 677 3699 iam
693 3642 751 3700 ior.-
769 3642 826 3717 1²2]
850 3644 904 3703 iam
920 3663 1003 3703 aanor
1023 3646 1071 3706 ibi.
1089 3673 1123 3689 -
1140 3633 1220 3698 laBb
1238 3628 1285 3682 lm

364 3722 528 3797 exciderunt.
796 3787 798 3792 y
832 3726 835 3732 '
1022 3720 1031 3727 ’

435 3814 477 3869 19.
496 3811 684 3873 Acce'dlnum:
702 3814 744 3873 Bb
761 3817 800 3876 Br
816 3818 859 3893 R]
881 3820 1033 3882 Acidinum.

433 3899 478 3957 20.
496 3907 530 3955 ut
546 3903 575 3956 ri
591 3900 638 3961 dir
660 3902 817 3975 videretur,
838 3908 954 3982 plebem
975 3914 1127 3988 rogarent:
1145 3897 1186 3959 Bb
1206 3876 1284 3958 md

362 3984 402 4041 eia
419 3983 565 4060 rideretur,
576 3998 613 4046 nt
634 3988 741 4069 plebem
757 4005 891 4070 rogarent.
