<?xml version="1.0" encoding="UTF-8"?>
<!DOCTYPE html PUBLIC "-//W3C//DTD XHTML 1.0 Transitional//EN"
    "http://www.w3.org/TR/xhtml1/DTD/xhtml1-transitional.dtd">
<html xmlns="http://www.w3.org/1999/xhtml" xml:lang="en" lang="en">
 <head>
  <title>
</title>
<meta http-equiv="Content-Type" content="text/html;charset=utf-8" />
  <meta name='ocr-system' content='tesseract 3.04.00' />
  <meta name='ocr-capabilities' content='ocr_page ocr_carea ocr_par ocr_line ocrx_word'/>
</head>
<body>
  <div class='ocr_page' id='page_1' title='image "./titiliviaburbec00alscgoog_0050.png"; bbox 0 0 2667 4717; ppageno 0'>
   <div class='ocr_carea' id='block_1_1' title="bbox 650 254 844 305">
    <p class='ocr_par' dir='ltr' id='par_1_1' title="bbox 650 254 844 305">
     <span class='ocr_line' id='line_1_1' title="bbox 650 254 844 305; baseline 0 -2"><span class='ocrx_word' id='word_1_1' title='bbox 650 254 732 305; x_wconf 75' lang='lat' dir='ltr'><strong>xlm</strong></span> <span class='ocrx_word' id='word_1_2' title='bbox 841 265 844 271; x_wconf 87' lang='grc'><em>“</em></span> 
     </span>
    </p>
   </div>
   <div class='ocr_carea' id='block_1_2' title="bbox 66 376 1263 1988">
    <p class='ocr_par' dir='ltr' id='par_1_2' title="bbox 103 376 1263 951">
     <span class='ocr_line' id='line_1_2' title="bbox 108 376 1169 511; baseline -0.006 -32"><span class='ocrx_word' id='word_1_3' title='bbox 108 376 119 397; x_wconf 55' lang='grc'><strong>’</strong></span> <span class='ocrx_word' id='word_1_4' title='bbox 214 404 271 480; x_wconf 69' lang='lat' dir='ltr'><strong>aa</strong></span> <span class='ocrx_word' id='word_1_5' title='bbox 291 423 402 505; x_wconf 82' lang='lat' dir='ltr'><strong>spem,</strong></span> <span class='ocrx_word' id='word_1_6' title='bbox 426 400 464 475; x_wconf 94' lang='lat' dir='ltr'><strong>in</strong></span> <span class='ocrx_word' id='word_1_7' title='bbox 489 397 545 473; x_wconf 90' lang='lat' dir='ltr'><strong>Bb</strong></span> <span class='ocrx_word' id='word_1_8' title='bbox 570 424 680 511; x_wconf 78' lang='lat' dir='ltr'><strong>nuere</strong></span> <span class='ocrx_word' id='word_1_9' title='bbox 702 396 882 473; x_wconf 79' lang='lat' dir='ltr'><strong>aduentus</strong></span> <span class='ocrx_word' id='word_1_10' title='bbox 904 398 962 475; x_wconf 76' lang='lat' dir='ltr'><strong>tui</strong></span> <span class='ocrx_word' id='word_1_11' title='bbox 984 424 1097 499; x_wconf 83' lang='lat' dir='ltr'><strong>spem,</strong></span> <span class='ocrx_word' id='word_1_12' title='bbox 1129 409 1169 473; x_wconf 85' lang='lat' dir='ltr'><strong>et</strong></span> 
     </span>
     <span class='ocr_line' id='line_1_3' title="bbox 213 511 1168 614; baseline -0.006 -21"><span class='ocrx_word' id='word_1_13' title='bbox 213 514 445 594; x_wconf 67' lang='lat' dir='ltr'><strong>recentiores</strong></span> <span class='ocrx_word' id='word_1_14' title='bbox 468 514 582 614; x_wconf 89' lang='lat' dir='ltr'><strong>prima</strong></span> <span class='ocrx_word' id='word_1_15' title='bbox 617 536 708 589; x_wconf 86' lang='lat' dir='ltr'><strong>voce</strong></span> <span class='ocrx_word' id='word_1_16' title='bbox 750 511 866 588; x_wconf 84' lang='lat' dir='ltr'><strong>deleta</strong></span> <span class='ocrx_word' id='word_1_17' title='bbox 903 512 1081 587; x_wconf 79' lang='lat' dir='ltr'><strong>aduentus</strong></span> <span class='ocrx_word' id='word_1_18' title='bbox 1110 516 1168 589; x_wconf 82' lang='lat' dir='ltr'><strong>tui</strong></span> 
     </span>
     <span class='ocr_line' id='line_1_4' title="bbox 213 627 1263 733; baseline -0.003 -28"><span class='ocrx_word' id='word_1_19' title='bbox 213 658 278 733; x_wconf 80' lang='lat' dir='ltr'><strong>epe</strong></span> <span class='ocrx_word' id='word_1_20' title='bbox 314 628 561 730; x_wconf 86' lang='lat' dir='ltr'><strong>scripsissent:</strong></span> <span class='ocrx_word' id='word_1_21' title='bbox 598 627 857 705; x_wconf 87' lang='lat' dir='ltr'><strong>restituendum</strong></span> <span class='ocrx_word' id='word_1_22' title='bbox 892 627 1081 704; x_wconf 83' lang='lat' dir='ltr'><strong>videbatur</strong></span> <span class='ocrx_word' id='word_1_23' title='bbox 1118 628 1167 702; x_wconf 83' lang='lat' dir='ltr'><strong>ab</strong></span> <span class='ocrx_word' id='word_1_24' title='bbox 1257 712 1263 717; x_wconf 48' lang='grc'><strong>,</strong></span> 
     </span>
     <span class='ocr_line' id='line_1_5' title="bbox 215 741 1167 844; baseline 0.001 -25"><span class='ocrx_word' id='word_1_25' title='bbox 215 744 391 819; x_wconf 77' lang='lat' dir='ltr'><strong>aduentus</strong></span> <span class='ocrx_word' id='word_1_26' title='bbox 415 744 472 817; x_wconf 83' lang='lat' dir='ltr'><strong>tui</strong></span> <span class='ocrx_word' id='word_1_27' title='bbox 492 762 569 844; x_wconf 81' lang='lat' dir='ltr'><strong>spe,</strong></span> <span class='ocrx_word' id='word_1_28' title='bbox 594 760 674 817; x_wconf 86' lang='lat' dir='ltr'><strong>cum</strong></span> <span class='ocrx_word' id='word_1_29' title='bbox 700 742 918 844; x_wconf 77' lang='lat' dir='ltr'><strong>praepositio</strong></span> <span class='ocrx_word' id='word_1_30' title='bbox 943 741 990 817; x_wconf 79' lang='lat' dir='ltr'><strong>ab</strong></span> <span class='ocrx_word' id='word_1_31' title='bbox 1014 769 1081 844; x_wconf 91' lang='lat' dir='ltr'><strong>pro</strong></span> <span class='ocrx_word' id='word_1_32' title='bbox 1105 742 1167 820; x_wconf 68' lang='lat' dir='ltr'><strong>Li:</strong></span> 
     </span>
     <span class='ocr_line' id='line_1_6' title="bbox 103 842 1167 951; baseline 0.005 -24"><span class='ocrx_word' id='word_1_33' title='bbox 103 899 109 909; x_wconf 67' lang='lat'>=</span> <span class='ocrx_word' id='word_1_34' title='bbox 180 860 319 951; x_wconf 74' lang='lat' dir='ltr'><strong>aviana</strong></span> <span class='ocrx_word' id='word_1_35' title='bbox 337 857 478 933; x_wconf 90' lang='lat' dir='ltr'><strong>dicendi</strong></span> <span class='ocrx_word' id='word_1_36' title='bbox 494 842 632 932; x_wconf 84' lang='lat' dir='ltr'><strong>ratione</strong></span> <span class='ocrx_word' id='word_1_37' title='bbox 648 858 693 933; x_wconf 89' lang='lat' dir='ltr'><strong>ab</strong></span> <span class='ocrx_word' id='word_1_38' title='bbox 711 856 781 932; x_wconf 86' lang='lat' dir='ltr'><strong>boc</strong></span> <span class='ocrx_word' id='word_1_39' title='bbox 799 856 879 931; x_wconf 92' lang='lat' dir='ltr'><strong>loco</strong></span> <span class='ocrx_word' id='word_1_40' title='bbox 898 856 1041 932; x_wconf 87' lang='lat' dir='ltr'><strong>minime</strong></span> <span class='ocrx_word' id='word_1_41' title='bbox 1053 858 1167 932; x_wconf 84' lang='lat' dir='ltr'><strong>aliena</strong></span> 
     </span>
    </p>

    <p class='ocr_par' dir='ltr' id='par_1_3' title="bbox 66 965 1177 1988">
     <span class='ocr_line' id='line_1_7' title="bbox 133 965 1167 1073; baseline -0.002 -24"><span class='ocrx_word' id='word_1_42' title='bbox 133 981 135 989; x_wconf 88' lang='lat'>&#39;</span> <span class='ocrx_word' id='word_1_43' title='bbox 215 984 330 1062; x_wconf 88' lang='lat' dir='ltr'><strong>esset,</strong></span> <span class='ocrx_word' id='word_1_44' title='bbox 359 999 427 1063; x_wconf 85' lang='lat' dir='ltr'><strong>nec</strong></span> <span class='ocrx_word' id='word_1_45' title='bbox 459 971 654 1073; x_wconf 87' lang='lat' dir='ltr'><strong>quidquam</strong></span> <span class='ocrx_word' id='word_1_46' title='bbox 685 965 732 1045; x_wconf 90' lang='lat' dir='ltr'><strong>in</strong></span> <span class='ocrx_word' id='word_1_47' title='bbox 754 971 911 1073; x_wconf 90' lang='lat' dir='ltr'><strong>antiquis</strong></span> <span class='ocrx_word' id='word_1_48' title='bbox 936 971 1035 1048; x_wconf 84' lang='lat' dir='ltr'><strong>libris</strong></span> <span class='ocrx_word' id='word_1_49' title='bbox 1066 998 1167 1073; x_wconf 90' lang='lat' dir='ltr'><strong>pror·</strong></span> 
     </span>
     <span class='ocr_line' id='line_1_8' title="bbox 214 1079 1167 1188; baseline -0.003 -24"><span class='ocrx_word' id='word_1_50' title='bbox 214 1114 277 1164; x_wconf 87' lang='lat' dir='ltr'><strong>sus</strong></span> <span class='ocrx_word' id='word_1_51' title='bbox 308 1085 498 1161; x_wconf 88' lang='lat' dir='ltr'><strong>delendum</strong></span> <span class='ocrx_word' id='word_1_52' title='bbox 524 1085 723 1175; x_wconf 85' lang='lat' dir='ltr'><strong>videretur,</strong></span> <span class='ocrx_word' id='word_1_53' title='bbox 756 1079 828 1159; x_wconf 85' lang='lat' dir='ltr'><strong>riisi</strong></span> <span class='ocrx_word' id='word_1_54' title='bbox 856 1086 947 1177; x_wconf 80' lang='lat' dir='ltr'><strong>ratio</strong></span> <span class='ocrx_word' id='word_1_55' title='bbox 978 1112 1049 1188; x_wconf 90' lang='lat' dir='ltr'><strong>qua</strong></span> <span class='ocrx_word' id='word_1_56' title='bbox 1078 1086 1167 1187; x_wconf 91' lang='lat' dir='ltr'><strong>quid</strong></span> 
     </span>
     <span class='ocr_line' id='line_1_9' title="bbox 212 1199 1166 1304; baseline -0.002 -26"><span class='ocrx_word' id='word_1_57' title='bbox 212 1204 372 1304; x_wconf 82' lang='lat' dir='ltr'><strong>integrae</strong></span> <span class='ocrx_word' id='word_1_58' title='bbox 410 1199 561 1273; x_wconf 90' lang='lat' dir='ltr'><strong>orationi</strong></span> <span class='ocrx_word' id='word_1_59' title='bbox 596 1209 733 1273; x_wconf 86' lang='lat' dir='ltr'><strong>temere</strong></span> <span class='ocrx_word' id='word_1_60' title='bbox 768 1199 1019 1301; x_wconf 91' lang='lat' dir='ltr'><strong>interpositum</strong></span> <span class='ocrx_word' id='word_1_61' title='bbox 1057 1210 1166 1291; x_wconf 84' lang='lat' dir='ltr'><strong>esset,</strong></span> 
     </span>
     <span class='ocr_line' id='line_1_10' title="bbox 212 1312 1167 1415; baseline -0.002 -24"><span class='ocrx_word' id='word_1_62' title='bbox 212 1315 345 1391; x_wconf 90' lang='lat' dir='ltr'><strong>nemini</strong></span> <span class='ocrx_word' id='word_1_63' title='bbox 370 1315 520 1388; x_wconf 90' lang='lat' dir='ltr'><strong>obscura</strong></span> <span class='ocrx_word' id='word_1_64' title='bbox 547 1338 629 1387; x_wconf 89' lang='lat' dir='ltr'><strong>esse</strong></span> <span class='ocrx_word' id='word_1_65' title='bbox 653 1320 788 1415; x_wconf 77' lang='lat' dir='ltr'><strong>posset</strong></span> <span class='ocrx_word' id='word_1_66' title='bbox 812 1356 861 1369; x_wconf 89' lang='lat'><strong>-·-</strong></span> <span class='ocrx_word' id='word_1_67' title='bbox 883 1312 1018 1389; x_wconf 79' lang='lat' dir='ltr'><strong>Contra</strong></span> <span class='ocrx_word' id='word_1_68' title='bbox 1044 1340 1086 1389; x_wconf 87' lang='lat' dir='ltr'><strong>ea</strong></span> <span class='ocrx_word' id='word_1_69' title='bbox 1107 1317 1167 1405; x_wconf 85' lang='grc'><strong>30,</strong></span> 
     </span>
     <span class='ocr_line' id='line_1_11' title="bbox 66 1423 1165 1534; baseline 0.006 -38"><span class='ocrx_word' id='word_1_70' title='bbox 66 1441 67 1453; x_wconf 74' lang='grc'>’</span> <span class='ocrx_word' id='word_1_71' title='bbox 157 1433 271 1505; x_wconf 72' lang='lat'><strong>1040.</strong></span> <span class='ocrx_word' id='word_1_72' title='bbox 297 1454 378 1505; x_wconf 87' lang='lat' dir='ltr'><strong>eum</strong></span> <span class='ocrx_word' id='word_1_73' title='bbox 401 1427 439 1500; x_wconf 91' lang='lat' dir='ltr'><strong>in</strong></span> <span class='ocrx_word' id='word_1_74' title='bbox 464 1425 519 1501; x_wconf 91' lang='lat' dir='ltr'><strong>Bb</strong></span> <span class='ocrx_word' id='word_1_75' title='bbox 536 1423 585 1505; x_wconf 83' lang='lat' dir='ltr'><strong>Pa</strong></span> <span class='ocrx_word' id='word_1_76' title='bbox 603 1427 776 1527; x_wconf 89' lang='lat' dir='ltr'><strong>scriptum</strong></span> <span class='ocrx_word' id='word_1_77' title='bbox 800 1438 900 1504; x_wconf 87' lang='lat' dir='ltr'><strong>esset</strong></span> <span class='ocrx_word' id='word_1_78' title='bbox 910 1438 1023 1528; x_wconf 85' lang='lat' dir='ltr'><strong>poter</strong></span> <span class='ocrx_word' id='word_1_79' title='bbox 1034 1430 1165 1534; x_wconf 80' lang='lat' dir='ltr'><strong>fucta,</strong></span> 
     </span>
     <span class='ocr_line' id='line_1_12' title="bbox 114 1534 1168 1652; baseline 0 -34"><span class='ocrx_word' id='word_1_80' title='bbox 114 1534 116 1537; x_wconf 33' lang='lat'>⁵</span> <span class='ocrx_word' id='word_1_81' title='bbox 212 1546 251 1619; x_wconf 94' lang='lat' dir='ltr'><strong>in</strong></span> <span class='ocrx_word' id='word_1_82' title='bbox 275 1542 396 1642; x_wconf 85' lang='lat' dir='ltr'><strong>Fpot</strong></span> <span class='ocrx_word' id='word_1_83' title='bbox 396 1540 597 1652; x_wconf 82' lang='lat' dir='ltr'><strong>efacta,1n</strong></span> <span class='ocrx_word' id='word_1_84' title='bbox 619 1538 695 1613; x_wconf 82' lang='lat' dir='ltr'><strong>rell.</strong></span> <span class='ocrx_word' id='word_1_85' title='bbox 720 1549 877 1643; x_wconf 80' lang='lat' dir='ltr'><strong>patuere</strong></span> <span class='ocrx_word' id='word_1_86' title='bbox 893 1541 1013 1645; x_wconf 81' lang='lat' dir='ltr'><strong>sucta</strong></span> <span class='ocrx_word' id='word_1_87' title='bbox 1039 1553 1168 1647; x_wconf 79' lang='lat' dir='ltr'><strong>gratu·</strong></span> 
     </span>
     <span class='ocr_line' id='line_1_13' title="bbox 213 1652 1167 1787; baseline 0 -53"><span class='ocrx_word' id='word_1_88' title='bbox 213 1658 373 1734; x_wconf 81' lang='lat' dir='ltr'><strong>latione:</strong></span> <span class='ocrx_word' id='word_1_89' title='bbox 400 1653 457 1727; x_wconf 88' lang='lat' dir='ltr'><strong>litt</strong></span> <span class='ocrx_word' id='word_1_90' title='bbox 442 1662 518 1727; x_wconf 87' lang='lat' dir='ltr'><strong>tera</strong></span> <span class='ocrx_word' id='word_1_91' title='bbox 547 1680 568 1727; x_wconf 85' lang='lat' dir='ltr'><strong>e</strong></span> <span class='ocrx_word' id='word_1_92' title='bbox 598 1652 718 1729; x_wconf 84' lang='lat' dir='ltr'><strong>addita</strong></span> <span class='ocrx_word' id='word_1_93' title='bbox 754 1652 798 1728; x_wconf 90' lang='lat' dir='ltr'><strong>ad</strong></span> <span class='ocrx_word' id='word_1_94' title='bbox 829 1654 881 1745; x_wconf 93' lang='lat' dir='ltr'><strong>id,</strong></span> <span class='ocrx_word' id='word_1_95' title='bbox 919 1656 1057 1787; x_wconf 91' lang='lat' dir='ltr'><strong>quod</strong></span> <span class='ocrx_word' id='word_1_96' title='bbox 1046 1685 1085 1733; x_wconf 91' lang='grc' dir='ltr'><strong>ιιι</strong></span> <span class='ocrx_word' id='word_1_97' title='bbox 1106 1658 1167 1734; x_wconf 89' lang='lat' dir='ltr'><strong>Bb</strong></span> 
     </span>
     <span class='ocr_line' id='line_1_14' title="bbox 196 1755 1168 1874; baseline 0.001 -27.017"><span class='ocrx_word' id='word_1_98' title='bbox 196 1768 263 1856; x_wconf 74' lang='lat' dir='ltr'><strong>Pa</strong></span> <span class='ocrx_word' id='word_1_99' title='bbox 286 1767 519 1871; x_wconf 86' lang='lat' dir='ltr'><strong>repperimus,</strong></span> <span class='ocrx_word' id='word_1_100' title='bbox 555 1776 629 1841; x_wconf 81' lang='lat' dir='ltr'><strong>tum</strong></span> <span class='ocrx_word' id='word_1_101' title='bbox 654 1755 788 1869; x_wconf 75' lang='lat' dir='ltr'><strong>potere</strong></span> <span class='ocrx_word' id='word_1_102' title='bbox 817 1769 1037 1871; x_wconf 89' lang='lat' dir='ltr'><strong>scripsimus,</strong></span> <span class='ocrx_word' id='word_1_103' title='bbox 1068 1772 1168 1874; x_wconf 91' lang='lat' dir='ltr'><strong>quod</strong></span> 
     </span>
     <span class='ocr_line' id='line_1_15' title="bbox 109 1883 1177 1988; baseline 0.007 -35"><span class='ocrx_word' id='word_1_104' title='bbox 109 1942 112 1953; x_wconf 89' lang='grc'><strong>.</strong></span> <span class='ocrx_word' id='word_1_105' title='bbox 214 1883 337 1960; x_wconf 89' lang='lat' dir='ltr'><strong>eadem</strong></span> <span class='ocrx_word' id='word_1_106' title='bbox 362 1883 466 1958; x_wconf 82' lang='lat' dir='ltr'><strong>evol</strong></span> <span class='ocrx_word' id='word_1_107' title='bbox 489 1893 505 1956; x_wconf 79' lang='lat' dir='ltr'><em>t</em></span> <span class='ocrx_word' id='word_1_108' title='bbox 529 1883 635 1959; x_wconf 89' lang='lat' dir='ltr'><strong>etiam</strong></span> <span class='ocrx_word' id='word_1_109' title='bbox 660 1884 754 1956; x_wconf 81' lang='lat' dir='ltr'><strong>ins.</strong></span> <span class='ocrx_word' id='word_1_110' title='bbox 779 1910 932 1984; x_wconf 88' lang='lat' dir='ltr'><strong>persona</strong></span> <span class='ocrx_word' id='word_1_111' title='bbox 956 1887 1046 1988; x_wconf 84' lang='lat' dir='ltr'><strong>plur.</strong></span> <span class='ocrx_word' id='word_1_112' title='bbox 1077 1886 1177 1988; x_wconf 59' lang='lat' dir='ltr'><strong>perir</strong></span> 
     </span>
    </p>
   </div>
   <div class='ocr_carea' id='block_1_3' title="bbox 31 1999 1237 2099">
    <p class='ocr_par' dir='ltr' id='par_1_4' title="bbox 31 1999 1237 2099">
     <span class='ocr_line' id='line_1_16' title="bbox 31 1999 1237 2099; baseline 0.011 -34"><span class='ocrx_word' id='word_1_113' title='bbox 31 2088 34 2099; x_wconf 32' lang='grc' dir='ltr'>Ι</span> <span class='ocrx_word' id='word_1_114' title='bbox 163 2012 196 2067; x_wconf 77' lang='lat' dir='ltr'><strong>rs</strong></span> <span class='ocrx_word' id='word_1_115' title='bbox 213 1999 309 2077; x_wconf 91' lang='lat' dir='ltr'><strong>haud</strong></span> <span class='ocrx_word' id='word_1_116' title='bbox 341 2023 422 2073; x_wconf 91' lang='lat' dir='ltr'><strong>raro</strong></span> <span class='ocrx_word' id='word_1_117' title='bbox 453 2006 583 2098; x_wconf 84' lang='lat' dir='ltr'><strong>postr</strong></span> <span class='ocrx_word' id='word_1_118' title='bbox 614 2000 927 2099; x_wconf 82' lang='lat' dir='ltr'><strong>praetermittitur,</strong></span> <span class='ocrx_word' id='word_1_119' title='bbox 957 2011 996 2077; x_wconf 88' lang='lat' dir='ltr'><strong>et</strong></span> <span class='ocrx_word' id='word_1_120' title='bbox 1022 2001 1177 2079; x_wconf 71' lang='lat' dir='ltr'><strong>infiniti.</strong></span> <span class='ocrx_word' id='word_1_121' title='bbox 1232 2012 1237 2019; x_wconf 84' lang='grc'><strong><em>’</em></strong></span> 
     </span>
    </p>
   </div>
   <div class='ocr_carea' id='block_1_4' title="bbox 98 2108 1237 3015">
    <p class='ocr_par' dir='ltr' id='par_1_5' title="bbox 210 2108 1167 2559">
     <span class='ocr_line' id='line_1_17' title="bbox 211 2108 1166 2218; baseline 0.003 -29"><span class='ocrx_word' id='word_1_122' title='bbox 211 2140 279 2189; x_wconf 88' lang='lat' dir='ltr'><strong>vus</strong></span> <span class='ocrx_word' id='word_1_123' title='bbox 304 2113 387 2188; x_wconf 91' lang='lat' dir='ltr'><strong>hist.</strong></span> <span class='ocrx_word' id='word_1_124' title='bbox 411 2108 601 2213; x_wconf 85' lang='lat' dir='ltr'><strong>verborum</strong></span> <span class='ocrx_word' id='word_1_125' title='bbox 625 2111 805 2187; x_wconf 90' lang='lat' dir='ltr'><strong>finitorum</strong></span> <span class='ocrx_word' id='word_1_126' title='bbox 835 2112 915 2187; x_wconf 90' lang='lat' dir='ltr'><strong>loco</strong></span> <span class='ocrx_word' id='word_1_127' title='bbox 944 2112 983 2187; x_wconf 91' lang='lat' dir='ltr'><strong>in</strong></span> <span class='ocrx_word' id='word_1_128' title='bbox 1008 2116 1166 2218; x_wconf 82' lang='lat' dir='ltr'><strong>antiquis</strong></span> 
     </span>
     <span class='ocr_line' id='line_1_18' title="bbox 212 2224 1167 2329; baseline 0.001 -28"><span class='ocrx_word' id='word_1_129' title='bbox 212 2226 316 2325; x_wconf 14' lang='lat' dir='ltr'><strong>libris!</strong></span> <span class='ocrx_word' id='word_1_130' title='bbox 337 2224 497 2299; x_wconf 86' lang='lat' dir='ltr'><strong>Livianis</strong></span> <span class='ocrx_word' id='word_1_131' title='bbox 523 2226 733 2322; x_wconf 82' lang='lat' dir='ltr'><strong>saepissime</strong></span> <span class='ocrx_word' id='word_1_132' title='bbox 753 2227 944 2323; x_wconf 83' lang='lat' dir='ltr'><strong>reperitur,</strong></span> <span class='ocrx_word' id='word_1_133' title='bbox 969 2238 1007 2302; x_wconf 87' lang='lat' dir='ltr'><strong>et</strong></span> <span class='ocrx_word' id='word_1_134' title='bbox 1030 2256 1098 2329; x_wconf 93' lang='lat' dir='ltr'><strong>pro</strong></span> <span class='ocrx_word' id='word_1_135' title='bbox 1122 2257 1167 2306; x_wconf 89' lang='lat' dir='ltr'><strong>en</strong></span> 
     </span>
     <span class='ocr_line' id='line_1_19' title="bbox 214 2335 1167 2441; baseline 0.009 -30"><span class='ocrx_word' id='word_1_136' title='bbox 214 2337 311 2441; x_wconf 92' lang='lat' dir='ltr'><strong>qnod</strong></span> <span class='ocrx_word' id='word_1_137' title='bbox 339 2336 536 2411; x_wconf 85' lang='lat' dir='ltr'><strong>Rhenanus</strong></span> <span class='ocrx_word' id='word_1_138' title='bbox 565 2335 688 2426; x_wconf 88' lang='lat' dir='ltr'><strong>voluit,</strong></span> <span class='ocrx_word' id='word_1_139' title='bbox 717 2359 792 2410; x_wconf 92' lang='lat' dir='ltr'><strong>nnn</strong></span> <span class='ocrx_word' id='word_1_140' title='bbox 818 2337 1074 2439; x_wconf 73' lang='lat' dir='ltr'><strong>gratulatione</strong></span> <span class='ocrx_word' id='word_1_141' title='bbox 1101 2344 1167 2420; x_wconf 90' lang='lat' dir='ltr'><strong>sed</strong></span> 
     </span>
     <span class='ocr_line' id='line_1_20' title="bbox 210 2449 991 2559; baseline -0.001 -31"><span class='ocrx_word' id='word_1_142' title='bbox 210 2452 457 2559; x_wconf 76' lang='lat' dir='ltr'><strong>gratulationi</strong></span> <span class='ocrx_word' id='word_1_143' title='bbox 480 2449 589 2525; x_wconf 87' lang='lat' dir='ltr'><strong>scribi</strong></span> <span class='ocrx_word' id='word_1_144' title='bbox 612 2475 763 2525; x_wconf 89' lang='lat' dir='ltr'><strong>necesse</strong></span> <span class='ocrx_word' id='word_1_145' title='bbox 787 2450 936 2527; x_wconf 82' lang='lat' dir='ltr'><strong>videtur·</strong></span> <span class='ocrx_word' id='word_1_146' title='bbox 986 2480 991 2489; x_wconf 90' lang='lat'><em>·</em></span> 
     </span>
    </p>

    <p class='ocr_par' dir='ltr' id='par_1_6' title="bbox 98 2563 1237 3015">
     <span class='ocr_line' id='line_1_21' title="bbox 98 2563 1166 2666; baseline 0.008 -28"><span class='ocrx_word' id='word_1_147' title='bbox 98 2565 118 2576; x_wconf 65' lang='grc'><em>”</em></span> <span class='ocrx_word' id='word_1_148' title='bbox 144 2582 199 2659; x_wconf 73' lang='grc' dir='ltr'>ιο</span> <span class='ocrx_word' id='word_1_149' title='bbox 311 2565 376 2640; x_wconf 85' lang='lat' dir='ltr'><strong>lv</strong></span> <span class='ocrx_word' id='word_1_150' title='bbox 412 2563 597 2640; x_wconf 85' lang='lat' dir='ltr'><strong>Interdum</strong></span> <span class='ocrx_word' id='word_1_151' title='bbox 613 2590 698 2641; x_wconf 88' lang='lat' dir='ltr'><strong>vera</strong></span> <span class='ocrx_word' id='word_1_152' title='bbox 709 2564 821 2641; x_wconf 92' lang='lat' dir='ltr'><strong>oratio</strong></span> <span class='ocrx_word' id='word_1_153' title='bbox 834 2592 981 2666; x_wconf 87' lang='lat' dir='ltr'><strong>pessum</strong></span> <span class='ocrx_word' id='word_1_154' title='bbox 998 2568 1081 2643; x_wconf 87' lang='lat' dir='ltr'><strong>data</strong></span> <span class='ocrx_word' id='word_1_155' title='bbox 1097 2580 1166 2663; x_wconf 81' lang='lat' dir='ltr'><strong>est,</strong></span> 
     </span>
     <span class='ocr_line' id='line_1_22' title="bbox 214 2677 1167 2784; baseline 0.008 -29"><span class='ocrx_word' id='word_1_156' title='bbox 214 2678 354 2755; x_wconf 90' lang='lat' dir='ltr'><strong>cumin</strong></span> <span class='ocrx_word' id='word_1_157' title='bbox 376 2678 575 2779; x_wconf 89' lang='lat' dir='ltr'><strong>antiquiore</strong></span> <span class='ocrx_word' id='word_1_158' title='bbox 601 2677 757 2778; x_wconf 88' lang='lat' dir='ltr'><strong>quodam</strong></span> <span class='ocrx_word' id='word_1_159' title='bbox 782 2680 916 2772; x_wconf 88' lang='lat' dir='ltr'><strong>codice,</strong></span> <span class='ocrx_word' id='word_1_160' title='bbox 940 2706 985 2755; x_wconf 89' lang='lat' dir='ltr'><strong>ex</strong></span> <span class='ocrx_word' id='word_1_161' title='bbox 1009 2709 1082 2784; x_wconf 95' lang='lat' dir='ltr'><strong>quo</strong></span> <span class='ocrx_word' id='word_1_162' title='bbox 1107 2683 1167 2763; x_wconf 84' lang='lat' dir='ltr'><strong>alii</strong></span> 
     </span>
     <span class='ocr_line' id='line_1_23' title="bbox 213 2787 1237 2901; baseline 0.004 -30"><span class='ocrx_word' id='word_1_163' title='bbox 213 2795 384 2895; x_wconf 83' lang='lat' dir='ltr'><strong>deinceps</strong></span> <span class='ocrx_word' id='word_1_164' title='bbox 402 2792 484 2866; x_wconf 91' lang='lat' dir='ltr'><strong>libri</strong></span> <span class='ocrx_word' id='word_1_165' title='bbox 501 2792 803 2884; x_wconf 86' lang='lat' dir='ltr'><strong>describebantur,</strong></span> <span class='ocrx_word' id='word_1_166' title='bbox 828 2794 962 2897; x_wconf 91' lang='lat' dir='ltr'><strong>aliquid</strong></span> <span class='ocrx_word' id='word_1_167' title='bbox 981 2798 1108 2901; x_wconf 80' lang='lat' dir='ltr'><strong>negti</strong></span> <span class='ocrx_word' id='word_1_168' title='bbox 1083 2826 1167 2875; x_wconf 89' lang='lat' dir='ltr'><strong>en·</strong></span> <span class='ocrx_word' id='word_1_169' title='bbox 1233 2787 1237 2792; x_wconf 36' lang='lat'><strong>¹</strong></span> 
     </span>
     <span class='ocr_line' id='line_1_24' title="bbox 213 2909 1166 3015; baseline 0.004 -31"><span class='ocrx_word' id='word_1_170' title='bbox 213 2920 271 2985; x_wconf 86' lang='lat' dir='ltr'><strong>ter</strong></span> <span class='ocrx_word' id='word_1_171' title='bbox 308 2909 495 2999; x_wconf 90' lang='lat' dir='ltr'><strong>omissum,</strong></span> <span class='ocrx_word' id='word_1_172' title='bbox 523 2934 592 2983; x_wconf 93' lang='lat' dir='ltr'><strong>nec</strong></span> <span class='ocrx_word' id='word_1_173' title='bbox 626 2936 667 2984; x_wconf 87' lang='lat' dir='ltr'><strong>ea</strong></span> <span class='ocrx_word' id='word_1_174' title='bbox 671 2936 770 3011; x_wconf 92' lang='lat' dir='ltr'><strong>qua</strong></span> <span class='ocrx_word' id='word_1_175' title='bbox 800 2909 954 2985; x_wconf 89' lang='lat' dir='ltr'><strong>debebat</strong></span> <span class='ocrx_word' id='word_1_176' title='bbox 984 2910 1166 3015; x_wconf 79' lang='lat' dir='ltr'><strong>diligentia</strong></span> 
     </span>
    </p>
   </div>
   <div class='ocr_carea' id='block_1_5' title="bbox 83 3018 1283 3126">
    <p class='ocr_par' dir='ltr' id='par_1_7' title="bbox 83 3018 1283 3126">
     <span class='ocr_line' id='line_1_25' title="bbox 83 3018 1283 3126; baseline 0.002 -26"><span class='ocrx_word' id='word_1_177' title='bbox 83 3114 85 3121; x_wconf 19' lang='lat' dir='ltr'><strong><em>s</em></strong></span> <span class='ocrx_word' id='word_1_178' title='bbox 178 3018 251 3110; x_wconf 49' lang='lat' dir='ltr'><strong>¹id</strong></span> <span class='ocrx_word' id='word_1_179' title='bbox 277 3021 374 3125; x_wconf 94' lang='lat' dir='ltr'><strong>quod</strong></span> <span class='ocrx_word' id='word_1_180' title='bbox 399 3022 578 3098; x_wconf 84' lang='lat' dir='ltr'><strong>exciderat</strong></span> <span class='ocrx_word' id='word_1_181' title='bbox 562 3032 717 3125; x_wconf 85' lang='lat' dir='ltr'><strong>tsupra</strong></span> <span class='ocrx_word' id='word_1_182' title='bbox 746 3024 874 3098; x_wconf 87' lang='lat' dir='ltr'><strong>lineam</strong></span> <span class='ocrx_word' id='word_1_183' title='bbox 896 3034 1031 3126; x_wconf 90' lang='lat' dir='ltr'><strong>postea</strong></span> <span class='ocrx_word' id='word_1_184' title='bbox 1060 3028 1165 3124; x_wconf 86' lang='lat' dir='ltr'><strong>resti·</strong></span> <span class='ocrx_word' id='word_1_185' title='bbox 1280 3072 1283 3078; x_wconf 93' lang='lat'><em>·</em></span> 
     </span>
    </p>
   </div>
   <div class='ocr_carea' id='block_1_6' title="bbox 145 3135 1236 3701">
    <p class='ocr_par' dir='ltr' id='par_1_8' title="bbox 145 3135 1236 3701">
     <span class='ocr_line' id='line_1_26' title="bbox 145 3135 1165 3241; baseline 0.006 -30"><span class='ocrx_word' id='word_1_186' title='bbox 145 3154 197 3211; x_wconf 71' lang='lat'><strong>&#39;25</strong></span> <span class='ocrx_word' id='word_1_187' title='bbox 214 3147 331 3217; x_wconf 88' lang='lat' dir='ltr'><strong>tutum</strong></span> <span class='ocrx_word' id='word_1_188' title='bbox 356 3148 464 3228; x_wconf 86' lang='lat' dir='ltr'><strong>esset,</strong></span> <span class='ocrx_word' id='word_1_189' title='bbox 488 3148 530 3213; x_wconf 89' lang='lat' dir='ltr'><strong>ut</strong></span> <span class='ocrx_word' id='word_1_190' title='bbox 554 3135 649 3212; x_wconf 89' lang='lat' dir='ltr'><strong>aliud</strong></span> <span class='ocrx_word' id='word_1_191' title='bbox 673 3138 732 3215; x_wconf 88' lang='lat' dir='ltr'><strong>alii</strong></span> <span class='ocrx_word' id='word_1_192' title='bbox 755 3137 887 3214; x_wconf 87' lang='lat' dir='ltr'><strong>librarii</strong></span> <span class='ocrx_word' id='word_1_193' title='bbox 910 3163 977 3241; x_wconf 90' lang='lat' dir='ltr'><strong>pro</strong></span> <span class='ocrx_word' id='word_1_194' title='bbox 1001 3166 1088 3217; x_wconf 83' lang='lat' dir='ltr'><strong>reru</strong></span> <span class='ocrx_word' id='word_1_195' title='bbox 1103 3142 1165 3217; x_wconf 84' lang='lat' dir='ltr'><strong>ha·</strong></span> 
     </span>
     <span class='ocr_line' id='line_1_27' title="bbox 213 3248 1165 3353; baseline 0.004 -25"><span class='ocrx_word' id='word_1_196' title='bbox 213 3248 299 3328; x_wconf 87' lang='lat' dir='ltr'><strong>bere</strong></span> <span class='ocrx_word' id='word_1_197' title='bbox 323 3259 482 3353; x_wconf 84' lang='lat' dir='ltr'><strong>possent</strong></span> <span class='ocrx_word' id='word_1_198' title='bbox 507 3250 633 3351; x_wconf 83' lang='lat' dir='ltr'><strong>ltaque</strong></span> <span class='ocrx_word' id='word_1_199' title='bbox 659 3251 1165 3343; x_wconf 76' lang='lat' dir='ltr'><strong>cum30‚18.inPab1ni·-</strong></span> 
     </span>
     <span class='ocr_line' id='line_1_28' title="bbox 213 3365 1236 3486; baseline 0.008 -46"><span class='ocrx_word' id='word_1_200' title='bbox 213 3366 283 3441; x_wconf 90' lang='lat' dir='ltr'><strong>tio</strong></span> <span class='ocrx_word' id='word_1_201' title='bbox 290 3365 462 3486; x_wconf 87' lang='lat' dir='ltr'><strong>scriptum</strong></span> <span class='ocrx_word' id='word_1_202' title='bbox 487 3374 586 3440; x_wconf 90' lang='lat' dir='ltr'><strong>esset</strong></span> <span class='ocrx_word' id='word_1_203' title='bbox 608 3392 743 3469; x_wconf 80' lang='lat' dir='ltr'><strong>mogun</strong></span> <span class='ocrx_word' id='word_1_204' title='bbox 765 3392 975 3467; x_wconf 76' lang='lat' dir='ltr'><strong>exporcueu</strong></span> <span class='ocrx_word' id='word_1_205' title='bbox 999 3395 1066 3471; x_wconf 90' lang='lat' dir='ltr'><strong>pro</strong></span> <span class='ocrx_word' id='word_1_206' title='bbox 1089 3396 1165 3446; x_wconf 62' lang='lat' dir='ltr'><strong>muo</strong></span> <span class='ocrx_word' id='word_1_207' title='bbox 1234 3397 1236 3402; x_wconf 84' lang='lat'>·</span> 
     </span>
     <span class='ocr_line' id='line_1_29' title="bbox 183 3479 1164 3610; baseline 0.009 -57.239"><span class='ocrx_word' id='word_1_208' title='bbox 183 3485 290 3583; x_wconf 80' lang='lat' dir='ltr'><strong>gna</strong></span> <span class='ocrx_word' id='word_1_209' title='bbox 312 3506 362 3553; x_wconf 77' lang='lat' dir='ltr'><strong>eu</strong></span> <span class='ocrx_word' id='word_1_210' title='bbox 379 3488 491 3581; x_wconf 84' lang='lat' dir='ltr'><strong>parte</strong></span> <span class='ocrx_word' id='word_1_211' title='bbox 515 3479 862 3610; x_wconf 61' lang='lat' dir='ltr'><strong>commendoque</strong></span> <span class='ocrx_word' id='word_1_212' title='bbox 892 3486 1036 3585; x_wconf 81' lang='lat' dir='ltr'><strong>cognito</strong></span> <span class='ocrx_word' id='word_1_213' title='bbox 1065 3494 1164 3561; x_wconf 80' lang='lat' dir='ltr'><strong>tsn-</strong></span> 
     </span>
     <span class='ocr_line' id='line_1_30' title="bbox 214 3582 1165 3701; baseline 0.009 -33"><span class='ocrx_word' id='word_1_214' title='bbox 214 3618 294 3695; x_wconf 90' lang='lat' dir='ltr'><strong>pra.</strong></span> <span class='ocrx_word' id='word_1_215' title='bbox 291 3616 324 3665; x_wconf 75' lang='lat' dir='ltr'><strong>a</strong></span> <span class='ocrx_word' id='word_1_216' title='bbox 349 3582 521 3695; x_wconf 81' lang='lat' dir='ltr'><strong>scriptum</strong></span> <span class='ocrx_word' id='word_1_217' title='bbox 546 3603 586 3669; x_wconf 88' lang='lat' dir='ltr'><strong>et</strong></span> <span class='ocrx_word' id='word_1_218' title='bbox 598 3618 721 3669; x_wconf 79' lang='lat' dir='ltr'><strong>nescio</strong></span> <span class='ocrx_word' id='word_1_219' title='bbox 742 3621 813 3697; x_wconf 92' lang='lat' dir='ltr'><strong>qua</strong></span> <span class='ocrx_word' id='word_1_220' title='bbox 829 3620 936 3673; x_wconf 88' lang='lat' dir='ltr'><strong>mann</strong></span> <span class='ocrx_word' id='word_1_221' title='bbox 958 3624 1006 3674; x_wconf 85' lang='lat' dir='ltr'><strong>ca</strong></span> <span class='ocrx_word' id='word_1_222' title='bbox 1029 3625 1165 3701; x_wconf 86' lang='lat' dir='ltr'><strong>expun-</strong></span> 
     </span>
    </p>
   </div>
   <div class='ocr_carea' id='block_1_7' title="bbox 163 3708 1164 3926">
    <p class='ocr_par' dir='ltr' id='par_1_9' title="bbox 163 3708 1164 3926">
     <span class='ocr_line' id='line_1_31' title="bbox 163 3708 1164 3818; baseline 0.006 -34"><span class='ocrx_word' id='word_1_223' title='bbox 163 3726 200 3784; x_wconf 72' lang='grc' dir='ltr'>ιο</span> <span class='ocrx_word' id='word_1_224' title='bbox 216 3715 321 3781; x_wconf 89' lang='lat' dir='ltr'><strong>ctum</strong></span> <span class='ocrx_word' id='word_1_225' title='bbox 339 3716 447 3797; x_wconf 83' lang='lat' dir='ltr'><strong>esset,</strong></span> <span class='ocrx_word' id='word_1_226' title='bbox 473 3708 577 3809; x_wconf 86' lang='lat' dir='ltr'><strong>quasi</strong></span> <span class='ocrx_word' id='word_1_227' title='bbox 601 3708 710 3784; x_wconf 89' lang='lat' dir='ltr'><strong>scribi</strong></span> <span class='ocrx_word' id='word_1_228' title='bbox 738 3709 923 3813; x_wconf 75' lang='lat' dir='ltr'><strong>oporteret</strong></span> <span class='ocrx_word' id='word_1_229' title='bbox 951 3738 1086 3818; x_wconf 77' lang='lat' dir='ltr'><strong>arogno</strong></span> <span class='ocrx_word' id='word_1_230' title='bbox 1114 3736 1164 3791; x_wconf 76' lang='lat' dir='ltr'><strong>es·</strong></span> 
     </span>
     <span class='ocr_line' id='line_1_32' title="bbox 209 3810 1162 3926; baseline 0.009 -34"><span class='ocrx_word' id='word_1_231' title='bbox 209 3828 321 3919; x_wconf 80' lang='lat' dir='ltr'><strong>parte</strong></span> <span class='ocrx_word' id='word_1_232' title='bbox 339 3846 362 3893; x_wconf 88' lang='lat' dir='ltr'><strong>u</strong></span> <span class='ocrx_word' id='word_1_233' title='bbox 374 3818 535 3922; x_wconf 81' lang='lat' dir='ltr'><strong>pudore:</strong></span> <span class='ocrx_word' id='word_1_234' title='bbox 551 3810 627 3899; x_wconf 86' lang='lat' dir='ltr'><strong>tota</strong></span> <span class='ocrx_word' id='word_1_235' title='bbox 644 3850 716 3901; x_wconf 85' lang='lat' dir='ltr'><strong>vox</strong></span> <span class='ocrx_word' id='word_1_236' title='bbox 728 3850 838 3902; x_wconf 77' lang='lat' dir='ltr'><strong>caeso</strong></span> <span class='ocrx_word' id='word_1_237' title='bbox 853 3826 891 3902; x_wconf 95' lang='lat' dir='ltr'><strong>in</strong></span> <span class='ocrx_word' id='word_1_238' title='bbox 903 3825 1003 3926; x_wconf 75' lang='lat' dir='ltr'><strong>BbIr</strong></span> <span class='ocrx_word' id='word_1_239' title='bbox 1019 3828 1162 3907; x_wconf 84' lang='lat' dir='ltr'><strong>excidit.</strong></span> 
     </span>
    </p>
   </div>
   <div class='ocr_carea' id='block_1_8' title="bbox 663 4185 711 4225">
    <p class='ocr_par' dir='ltr' id='par_1_10' title="bbox 663 4185 711 4225">
     <span class='ocr_line' id='line_1_33' title="bbox 663 4185 711 4225; baseline 0 0"><span class='ocrx_word' id='word_1_240' title='bbox 663 4196 665 4200; x_wconf 86' lang='lat'>·</span> <span class='ocrx_word' id='word_1_241' title='bbox 704 4185 711 4225; x_wconf 85' lang='lat' dir='ltr'><strong>t</strong></span> 
     </span>
    </p>
   </div>
   <div class='ocr_carea' id='block_1_9' title="bbox 0 0 1338 4717">
    <p class='ocr_par' dir='ltr' id='par_1_11' title="bbox 0 0 1338 4717">
     <span class='ocr_line' id='line_1_34' title="bbox 0 0 1338 4717; baseline 0 1"><span class='ocrx_word' id='word_1_242' title='bbox 0 0 1338 4717; x_wconf 95' lang='lat' dir='ltr'><strong> </strong></span> 
     </span>
    </p>
   </div>
  </div>
 </body>
</html>
