2667 4717
553 270 616 349 xnr.

114 442 274 545 quamvis
300 442 344 517 de
370 443 421 517 eis
453 442 560 520 rebus
586 468 658 517 nec
687 468 710 515 e
733 441 918 520 Gronovio
931 469 1011 517 ¹nec
1040 470 1061 518 a
1129 478 1132 485 ·

111 552 407 633 Drakenborebio
439 548 645 658 quidquam
671 568 876 643 annotatum
912 559 1064 659 errplica·x
1127 625 1130 630 .

112 681 234 754 tumve
258 670 489 753 invenissem:
514 665 588 746 non
611 670 736 745 inutile
759 671 834 745 lore
859 672 1066 761 arbitrabar,

113 785 146 860 si
171 784 229 859 ille
253 786 343 875 libe'r
367 784 412 859 de
437 787 654 887 gravissimis
676 786 786 859 rebus
809 786 953 867 aLivio
977 790 1065 863 scri·
1205 862 1209 868 ,
1239 877 1242 880 Α

111 909 197 999 ptus
231 899 288 973 ad·
307 898 412 975 buius
442 900 671 1001 potissimum
700 898 973 1000 Bambergensis
1005 901 1064 976 coss
1098 917 1117 973 5
1158 985 1159 988 Ἴ

114 1010 204 1087 dicis
228 1011 336 1087 fidem
363 1014 571 1107 emendatus
598 1012 790 1118 separatim
814 1040 834 1085 a
859 1038 916 1088 me
940 1016 979 1089 in
1002 1042 1066 1116 pu·
1089 1030 1114 1088 .⁸
1303 1011 1306 1024 ’

113 1125 244 1201 blieum
270 1128 444 1203 ederetur.
662 1122 666 1129 ’
904 1149 907 1157 ·
1115 1201 1118 1212 ,

211 1240 347 1317 Verum
370 1254 491 1318 tamen
515 1266 595 1349 cum
622 1240 781 1343 singulos
799 1240 898 1317 locos
921 1242 1068 1343 diligen·
1113 1234 1119 1247 ’

114 1354 187 1429 tius
212 1358 428 1456 perscrutari
448 1357 663 1457 coepissem,
689 1367 920 1457 permagnum
945 1376 1084 1452 eorum,

114 1494 300 1543 nnmerum
318 1470 550 1561 inveniebam,
575 1471 636 1571 nbi
655 1493 747 1569 quae
764 1493 810 1543 ex
826 1469 1011 1544 Puteaneo
1022 1479 1069 1545 ⁴et
1087 1488 1121 1541 1⁰

114 1580 281 1659 Mediceo
299 1609 318 1657 a
336 1584 387 1658 lo.
403 1584 499 1661 Frid.
515 1584 699 1659 Gronovio
711 1585 890 1684 exscripta
905 1594 1015 1673 erant,
1031 1582 1070 1655 in
1146 1662 1150 1669 ,

114 1694 372 1800 Bambergensi
402 1698 611 1798 plerumque
641 1697 692 1771 ita
721 1699 1004 1797 reperiebantur,
1028 1705 1071 1770 nt

114 1809 184 1883 alia
215 1836 296 1883 curn
325 1810 402 1883 illis
426 1836 582 1909 prorsus.
606 1813 865 1900 consentirent,
896 1810 962 1884 alia
999 1810 1071 1884 dis-

117 1931 315 2023 creparent.
340 1924 378 1996 in
403 1948 476 2023 quo
500 1934 757 1997 necesse'erat
787 1915 995 1997 alterutrum
1022 1923 1073 1996 la·
1120 1928 1125 1937 ’

107 2024 215 2109 ctum
240 2030 331 2125 esse,
355 2045 397 2111 nt
421 2046 483 2111 aut
506 2032 783 2134 Bambergensis
809 2036 944 2111 codicis
967 2032 1124 2120 libra-15

116 2150 192 2225 rius
224 2148 359 2225 eisdem
395 2148 488 2231 loeis
522 2174 607 2223 vera
639 2174 723 2241 ¹cum
756 2150 858 2227 salsis
894 2150 1074 2225 confudis-

117 2273 192 2353 set,
218 2257 280 2337 aut
298 2260 505 2355 Gronovius
530 2261 575 2335 in
593 2262 838 2339 describendis
863 2265 1008 2363 optimis
1033 2265 1074 2338 li·
1142 2343 1146 2351 Υ
1176 2291 1178 2295 ’

118 2378 193 2453 bris
218 2404 342 2479 parum
367 2376 555 2479 diligenter
578 2387 741 2451 versatus
759 2389 873 2452 esset:
899 2378 1009 2478 idque
1026 2378 1074 2451 al·
1112 2445 1116 2449 a
1168 2407 1169 2410 ¹

77 2504 79 2509 ’
117 2479 236 2567 terum
267 2492 397 2592 primo·
420 2490 497 2565 veri
534 2490 648 2564 simile
680 2491 885 2581 videbatur,
922 2479 1003 2567 cum
1035 2492 1074 2565 in

118 2604 377 2707 Bambergensi
401 2630 444 2679 ea
457 2604 583 2695 omnia,
610 2603 655 2678 de
682 2606 812 2705 quibus
838 2594 1126 2682 dubitandum'no
1231 2659 1235 2664 -
1287 2617 1290 2621 “

120 2730 207 2809 erat,
232 2718 496 2798 accuratissime
521 2730 775 2820 congruerent,
807 2720 882 2802 sed,
905 2747 997 2821 quae
1022 2720 1076 2793 ni·

118 2832 173 2907 hil
197 2832 242 2907 ad
265 2860 342 2908 rem
365 2820 572 2909 viderentur
594 2835 786 2934 pertinere,
816 2834 910 2934 apud
935 2835 1076 2909 Grono-

119 2949 217 3023 vinm
241 2948 291 3021 ita
316 2947 582 3047 reperirentur,
604 2972 712 3045 quem
736 2946 781 3019 ad
805 2937 950 3020 modum
968 2947 1074 3048 vulgo

82 3080 86 3085 '
121 3060 183 3139 edi
220 3061 401 3150 solerent,
431 3059 536 3159 longe
573 3058 676 3136 aliter
711 3078 787 3132 non
817 3084 1011 3158 numquam
1038 3061 1085 3132 in
1118 3068 1144 3129 “.

120 3175 380 3277 Bambergensi
408 3174 514 3247 libro:
550 3172 681 3249 deinde
715 3198 775 3248 res
804 3175 882 3275 ipsa
914 3172 951 3246 id
978 3174 1075 3274 quod
1092 3200 1128 3263 25

103 3290 327 3391 ,suspicatus
359 3313 455 3377 eram
478 3288 528 3363 ita
559 3313 650 3365 esse.
674 3288 806 3365 docuit
840 3314 965 3388 neque
988 3315 1076 3366 vero

124 3405 194 3479 hoc
224 3429 333 3479 unum
364 3404 409 3480 de
441 3404 589 3479 Liviana
620 3392 780 3482 oratione
812 3428 869 3477 me
901 3402 1076 3478 incertum

123 3518 285 3609 iaciebat,
311 3518 375 3593 sed
395 3518 492 3620 quod
507 3518 628 3595 multis
654 3517 732 3594 aliis
753 3515 842 3611 locis
865 3516 903 3592 id
924 3518 1022 3617 qnod
1039 3520 1077 3591 in

123 3625 382 3735 Bambergensi
405 3632 574 3735 legebam,
600 3642 661 3707 aut
680 3632 858 3732 *scriptum
882 3656 955 3705 non
981 3631 1078 3708 vide·

127 3750 237 3837 batur,
251 3748 323 3825 nisi
338 3748 376 3819 in
393 3745 538 3821 minoris
555 3747 776 3821 auctoritatis
793 3745 903 3836 libris,
920 3772 1000 3819 cum
1024 3745 1077 3818 ni·
1094 3776 1130 3833 30

124 3866 175 3949 bil
200 3867 278 3943 eins
303 3858 486 3965 modnnee
503 3850 550 3935 ox'
563 3859 747 3937 Puteaneo
763 3885 830 3934 nec
847 3886 892 3934 ex
911 3858 1087 3935 Mediceo
1132 3893 1134 3900 ·
1193 3960 1197 3965 v
1264 3867 1266 3870 ’

957 4150 984 4195 ,Σ
