2667 4717
650 310 653 325 .
738 282 784 331 u

278 436 356 503 erat
380 424 634 515 affirmandum,
659 424 850 501 memoriae
871 395 1061 517 traderet,
1091 452 1179 502 cum
1196 424 1265 503 dis-

112 542 114 549 '
193 580 194 594 ι
278 542 492 618 sentientem
515 566 534 613 a
553 565 593 614 sa
612 538 762 619 alterum
774 549 958 615 auctorem
979 532 1154 631 afferret,
1171 529 1264 615 bunc

275 658 325 735 ita
342 655 561 745 laudaret
520 664 561 729 ut
578 680 659 729 eum
682 652 779 731 haud
796 654 1112 758 spernendumh.
1133 682 1168 731 e.
1190 683 1260 731 ma

274 772 368 867 xima
393 772 463 845 fide
489 770 634 871 dignum
667 780 850 845 auctorem
880 768 1050 844 diceret·
1085 769 1163 847 nisi
1191 770 1258 845 bac

96 928 98 932 v
239 886 353 989 ‘ipsa
377 886 482 977 laude
507 896 568 959 aut
593 908 735 960 omnem
761 884 832 961 sibi
854 885 932 960 veri
958 866 1186 986 reperiendi
1208 886 1255 958 fa-

137 1074 140 1081 .
274 998 442 1077 cultatem
475 1003 646 1106 abrogare
675 998 794 1091 vellet,
831 1007 894 1074 aut
921 998 977 1073 illi
1010 997 1125 1073 alteri
1160 997 1251 1074 idem

259 1106 359 1207 ‚ttlud
378 1113 535 1191 studium
552 1114 705 1215 maligne
723 1114 911 1215 derogare:
928 1140 1100 1215 mierum
1112 1120 1249 1216 ,uuum
1305 1206 1309 1223 Ι

273 1252 344 1326 que
357 1228 528 1329 simplicis
541 1230 773 1330 integraeque
790 1228 884 1303 Livii
897 1253 1091 1330 personae
1102 1228 1245 1306 omnino
1304 1232 1316 1310 t

272 1340 423 1435 alienum
442 1352 525 1417 erat.
544 1370 611 1421 nee
626 1369 795 1443 umquam
817 1342 944 1418 Livius
962 1340 1131 1443 Polybio
1147 1359 1242 1418 suam
1307 1333 1316 1411 ‘t

220 1462 257 1518 ¹⁰
271 1454 411 1529 laudem
435 1456 579 1547 invidit,
616 1484 658 1535 ac
689 1456 804 1531 sicubi
833 1456 939 1531 aliam
970 1456 1164 1559 quandam
1194 1466 1241 1531 at·
1314 1457 1316 1524 5

152 1660 153 1663 Ἴ
272 1594 343 1667 qua
375 1566 435 1642 ilte
464 1570 639 1645 rationem
677 1570 780 1670 sequi
817 1568 990 1661 debebat,
1015 1581 1063 1647 ut
1087 1574 1149 1663 39,
1173 1572 1236 1661 53,

270 1681 340 1755 hoe
363 1707 437 1755 non
462 1684 540 1758 sine
565 1684 734 1787 gravibus
758 1685 877 1761 causis
891 1686 1029 1761 factum
1047 1710 1137 1763 esse
1158 1685 1236 1762 sim-
1306 1734 1308 1736 >

142 1863 146 1874 ι
270 1794 410 1898 pliciter
434 1806 474 1871 et
494 1798 606 1873 libere
637 1800 813 1900 exposuit.
843 1825 925 1875 eum
956 1801 1074 1902 igitur
1104 1801 1145 1873 in
1167 1796 1232 1871 boe
1314 1823 1316 1864 τ

270 1920 428 1985 extremo
453 1910 650 1987 librorum
676 1912 742 1985 alia
768 1912 878 1987 multa
902 1914 1036 1987 menda
1070 1910 1231 1989 inlibris
1272 1973 1274 1983 ι
1314 1936 1316 1978 τ

218 2032 251 2087 ¹5
269 2050 375 2100 manu
388 2026 532 2127 scriptis
545 2026 781 2113 inveniantur,
796 2027 1106 2108 tuminPalatino
1118 2026 1228 2129 primo
1302 2089 1306 2119 ,

184 2175 188 2184 s
268 2134 511 2241 secundoque,
538 2162 689 2239 quorum
712 2138 868 2249 priorem
893 2140 989 2216 baud
1015 2166 1152 2243 parvae
1171 2149 1226 2212 an·
1314 2231 1316 2234 Ι

200 2350 201 2355 ¹
269 2253 374 2326 ctorit
375 2252 442 2326 atis
468 2251 595 2331 tibrum
619 2276 704 2327 esse
735 2264 887 2343 conant,
918 2255 964 2327 ab
995 2256 1127 2331 nescio
1158 2276 1225 2357 quo
1314 2316 1316 2322 .

268 2365 313 2439 ad
336 2350 446 2455 verba
470 2366 637 2467 exemplo
661 2358 796 2444 deiude
815 2364 929 2443 huius
950 2368 1136 2450 mediam
1151 2392 1222 2441 ora·

145 2565 147 2571 ,
266 2479 366 2555 tione
396 2476 495 2553 addit
479 2488 559 2553 tum
593 2478 651 2553 sit
677 2477 720 2551 L.
749 2476 900 2581 Scipio
918 2475 1137 2560 Asiaticus:
1172 2478 1222 2554 sie
1314 2505 1316 2548 :

214 2601 250 2657 2⁰
268 2593 373 2666 etiam
398 2592 479 2666 hoc»
492 2590 573 2665 loeo
598 2591 774 2667 abducto
804 2591 958 2694 quodam
983 2594 1142 2684 bomine,
1167 2591 1218 2667 cui

227 2704 460 2805 Polybiana
491 2694 594 2779 sales¹
612 2705 777 2806 superior
805 2732 912 2807 quam
943 2706 1095 2793 Liviana
1126 2706 1220 2784 vida·
1314 2737 1316 2779 ;

265 2830 322 2894 ret
323 2843 374 2909 ur,
405 2819 450 2893 ad
481 2818 619 2919 Polybii
649 2835 783 2893 nomen
811 2817 1097 2925 haudquaquam
1122 2846 1215 2923 sper-
1314 2847 1316 2890 :

235 2926 438 3007 naudus
428 2942 513 3007 auct
513 2958 557 3007 or·
564 2930 797 3035 adscriptum
814 2959 898 3009 esse
913 2943 1096 3034 putamus:
1121 2931 1212 3036 quod
1314 2962 1316 3003 ε

195 3062 199 3067 ’
265 3072 308 3136 eo
334 3045 470 3124 facilius
496 3046 658 3121 fiebat
629 3072 660 3121 sr
684 3046 744 3120 ille
768 3045 845 3122 aliis
871 3074 1018 3150 quoque
1039 3048 1144 3138 loeis,
1173 3054 1211 3119 ut
1314 3047 1316 3058 '

68 3234 71 3245 ‚
211 3165 245 3227 23
264 3164 321 3251 33,
350 3162 416 3252 10,
440 3160 555 3237 simile
581 3159 667 3262 quid
692 3160 860 3237 aLivio
848 3186 930 3263 ipso
946 3162 1118 3264 scriptum
1133 3181 1212 3238 esse
1314 3190 1316 3220 τ

225 3308 227 3315 v
263 3273 492 3375 meminisset
517 3267 612 3349 baud
637 3300 751 3375 pauca
773 3291 861 3350 vero
886 3301 979 3374 quae
1003 3276 1048 3349 ab
1065 3272 1215 3358 bomiru'·¹
1314 3305 1316 3319 ·

257 3387 329 3463 'bu‘s
361 3386 478 3465 doctis
510 3389 557 3463 ita
590 3387 627 3463 in
658 3386 829 3463 librorum
859 3389 1076 3489 marginibus
1105 3410 1204 3463 auno·
1314 3418 1316 3450 ε

261 3510 333 3575 teta
347 3553 349 3559 ·
364 3512 475 3589 erant,
507 3503 551 3576 ab
582 3500 841 3603 posterioribus
872 3498 1025 3585 librariis
1055 3504 1092 3579 in
1126 3499 1201 3576 rou-
1314 3561 1316 3570 .

260 3614 396 3689 tinuam
431 3624 592 3691 vetorum
629 3606 841 3717 scriptorum
862 3612 1075 3698 orationem·
1100 3615 1199 3692 relata
1314 3640 1316 3682 ι

203 3744 354 3818 adesse,
371 3728 552 3803 neminem
577 3726 703 3803 barum
726 3754 846 3803 rerum
870 3730 1024 3836 peritum
1048 3728 1175 3830 fugerit

257 3881 259 3892 >
357 3840 437 3919 vlt.
473 3837 548 3917 Sed
572 3868 645 3915 non
673 3841 782 3917 modo
812 3842 1026 3947 negligendo
1053 3836 1195 3941 eaquae
