2667 4717
618 317 619 325 ’
753 326 836 387 ,σιν
959 312 961 321 “

329 473 530 575 antiquiore
554 468 754 546 libroame
782 467 909 548 oculos
938 467 1126 547 habuisse:
1160 494 1283 571 quam

295 688 297 693 Ι
331 602 444 693 quam·
467 584 562 659 haud
592 584 812 687 ignoramus,
841 584 936 661 hanc
965 584 1146 661 scribendi
1177 585 1283 659 ratio·

238 768 241 775 .
330 732 412 780 nem
439 700 604 779 Ciceroni
629 698 813 800 probatam
842 725 918 775 non
949 724 1048 776 esse:
1078 699 1121 775 cs.
1148 726 1203 775 or.
1229 701 1290 773 tt

333 821 413 907 158.
461 806 541 893 Nec
565 814 603 888 iu
634 812 956 915 praepositionibus
987 812 1280 916 inseparabilibus

158 982 162 991 ,
295 926 755 1010 oalibroPrecedendum
772 927 969 1011 videbatur.
992 926 1114 1028 itaque
1138 928 1279 1028 scripsi·

330 1054 411 1125 mus
435 1070 509 1121 uon
533 1042 641 1119 modo
659 1044 800 1132 39,15;
824 1066 993 1144 magnam
1009 1044 1083 1116 vim
1095 1042 1280 1149 frumenti

331 1159 473 1237 aediles
493 1158 646 1237 uicatim
664 1156 806 1259 populo
827 1155 1092 1258 discripserunt
1110 1154 1161 1248 (h.
1180 1181 1213 1229 e.
1229 1154 1276 1227 di-

330 1278 502 1360 viserunt,
527 1270 833 1372 distribuendo:
855 1280 897 1347 ut
922 1273 980 1360 34,
1005 1274 1063 1344 55.
1093 1269 1274 1371 discripsit
1299 1293 1302 1370 ¹,

179 1384 181 1393 ’
333 1416 378 1465 ex
407 1386 464 1463 Bb
494 1411 561 1487 pro
592 1382 790 1485 descripsit
822 1383 1083 1462 restituendum
1114 1389 1188 1490 e'st:
1218 1381 1302 1486 sed}

281 1518 316 1574 1⁰
334 1501 441 1577 etiam
471 1498 629 1574 dilectus
659 1524 727 1602 pro
761 1482 940 1588 delectus,
976 1498 1074 1599 quod
1109 1496 1273 1572 maximus
1302 1501 1304 1570 l

333 1614 490 1693 omnium
522 1614 750 1715 antiquorum
770 1610 958 1689 ,librorum
989 1636 1187 1689 consensus
1218 1593 1306 1724 beel

331 1755 403 1805 una
432 1726 568 1803 ratione
597 1727 741 1805 Livium
772 1727 962 1831 scripsisse
992 1724 1108 1802 docet
1136 1752 1207 1800 uec
1232 1725 1274 1800 ri·
1303 1733 1307 1782 ἵ

233 1899 236 1913 .
297 1898 300 1903 -
331 1840 552 1947 tuperandus
576 1840 758 1919 ridebitur
780 1840 841 1918 Fr.
868 1839 1162 1942 Oudendorpius‚
1186 1834 1273 1940 quod
1299 1849 1308 1898 t

333 1984 414 2033 cum
450 1955 546 2031 idem
582 1952 740 2031 dilectus
775 1957 813 2031 in
848 1980 956 2031 mann
988 1954 1132 2057 scriptis
1159 1978 1274 2055 reppe·
1304 1965 1309 2034 i

133 2132 136 2135 .
213 2076 216 2084 “
282 2086 316 2143 15
333 2072 437 2161 rerit,
461 2068 585 2144 itidem
607 2068 704 2172 apud
735 2069 928 2146 Caesarem
960 2069 1123 2171 scripsit3
1154 2091 1229 2156 nec,
1247 2066 1273 2142 si
1302 2087 1307 2126 ³

334 2185 417 2285 quis
449 2181 545 2285 apud
574 2181 789 2259 Ciceronem
820 2183 871 2259 ita
907 2181 1071 2273 ediderit,
1101 2206 1183 2257 cum
1215 2206 1274 2255 nec
1309 2235 1312 2280 ,

334 2296 559 2374 Ciceroniaui
596 2294 678 2375 libri
715 2296 927 2402 integriores
963 2295 1009 2371 ab
1042 2294 1112 2372 hac
1147 2297 1273 2373 ratione
1311 2327 1313 2396 y

334 2404 560 2487 dissentiant.
585 2434 658 2484 nou
674 2418 794 2485 tamen
819 2409 986 2486 omuibus
1002 2409 1183 2488 veteribus
1199 2409 1273 2484 sc'ri-

233 2611 237 2626 Ι
335 2525 498 2627 ptoribus
522 2522 623 2634 hauc&
645 2550 751 2598 unam
782 2524 959 2599 rationem
988 2526 1174 2626 probatam
1202 2550 1273 2600 esse

217 2710 218 2719 ,
282 2638 436 2736 tulacile
460 2635 684 2711 crediderim.
825 2672 833 2680 ·
1176 2703 1178 2707 .

155 2824 182 2845 ,,
338 2730 375 2803 '-
432 2749 729 2826 Collocandorum
748 2750 937 2825 verborum
949 2752 1073 2828 ordine
1086 2780 1167 2828 cum
1180 2752 1272 2828 etiam

211 2886 213 2893 ·
321 2866 371 2940 ‘in
396 2862 467 2940 hoc
484 2862 603 2939 XXX
623 2862 714 2939 libro
731 2889 841 2967 saepe
856 2865 901 2942 ab
921 2856 1186 2944 recentioribus
1203 2890 1273 2969 pec·

273 3064 276 3075 ¹
335 2989 453 3055 catum
478 2986 587 3069 esset,
612 2979 839 3083 antiquorum
856 2979 1027 3056 librorum
1042 2982 1214 3072 rationem
1228 3004 1273 3054 re·

335 3094 516 3170 stituinrus
549 3094 607 3185 30,
636 3096 671 3167 3.
698 3098 732 3167 5.
756 3096 790 3167 9.
817 3095 871 3168 19.
899 3095 954 3169 11.
982 3096 1038 3170 15.
1065 3097 1121 3170 15.
1147 3095 1273 3170 1218.

281 3228 317 3287 ts
338 3210 468 3283 1911.
488 3208 687 3282 151119.
705 3208 763 3281 90.
778 3209 836 3280 33.
855 3208 911 3282 m.
930 3208 988 3283 35.
1006 3211 1134 3288 ssim.
1147 3210 1205 3287 41.
1220 3207 1273 3282 to:

308 3330 373 3397 'et
397 3338 612 3423 quamquam
635 3344 789 3396 necesse
812 3320 1014 3413 videbatur„
1039 3322 1078 3395 in
1107 3316 1281 3411 scribendi

333 3434 472 3516 ratione
496 3434 745 3538 integerrimos
771 3458 937 3537 quosque
955 3436 1099 3513 codices
1115 3433 1275 3512 maximae

220 3604 222 3614 .
335 3548 558 3625 auctoritatis
582 3548 711 3649 putari,
735 3546 773 3623 iu
796 3548 906 3624 rebus
936 3548 1054 3627 dubiis
1084 3560 1204 3625 tamen
1224 3545 1276 3623 ni·

334 3658 385 3735 hil
401 3661 636 3751 exhibuimus,
660 3657 732 3739 uisi
750 3660 849 3761 quod
865 3662 903 3737 in
922 3663 1001 3738 aliis
1019 3690 1164 3765 quoque
1181 3682 1275 3736 mauu

281 3775 481 3877 suscriptis
504 3775 696 3876 praeclaris
719 3774 928 3877 legeramus.
953 3777 1007 3853 sic
1032 3804 1076 3852 ex
1099 3777 1157 3852 Bb
1181 3775 1275 3853 etiam

336 3888 454 3966 hiatus
488 3886 643 3965 evitandi
674 3912 788 3964 causa
812 3892 874 3981 30,
903 3892 935 3965 3.
966 3888 1173 3975 harundine
1199 3885 1298 3965 scri.
