2667 4717
383 362 564 413 .LX1X

50 501 101 577 vel
121 498 308 609 equilibus
331 501 389 580 vol
415 503 594 625 aeqiiibus
615 512 701 593 elai,
700 503 916 663 scripsisse
934 532 1001 611 pe-

48 614 184 689 ditibus
208 640 428 692 censeamus.

25 790 27 797 2
100 732 185 801 2.
225 728 369 805 Deinde
389 730 609 833 integrarum
643 730 750 805 etiam
779 758 917 823 vocum,
946 732 999 806 in-

48 842 167 943 primis
194 842 443 943 parlieularum
474 844 562 918 ordo
595 844 639 917 ab
665 844 822 945 antiquis
846 846 998 921 librariis

48 955 259 1057 negligentia
285 948 435 1056 quadam
459 958 665 1041 immutatus
692 969 758 1035 est.
807 958 870 1035 Sic
887 961 946 1048 30,
965 962 997 1030 8.
1032 964 1051 1019 5

47 1094 115 1144 nnn
138 1068 248 1145 modo
271 1070 311 1169 in
334 1070 446 1145 Drnk.
470 1070 569 1147 libris
595 1072 661 1151 sed
686 1071 792 1147 etiam
824 1071 863 1145 in
877 1069 918 1173 ,P
941 1067 1005 1145 Bn
1031 1103 1036 1107 ·

46 1184 73 1257 L
96 1184 151 1259 Br
170 1194 257 1286 post
276 1181 468 1284 principes
492 1186 662 1289 scriptum
687 1195 753 1276 est,
778 1210 858 1261 cum
874 1210 999 1262 uerum

45 1306 141 1373 esset
160 1299 352 1399 principes
370 1309 458 1399 post
474 1296 709 1394 'humatorum'
727 1299 853 1400 prima
876 1300 996 1401 signa,

45 1438 151 1511 quem
175 1409 221 1484 ad
246 1410 390 1490 modum
404 1410 574 1513 Polybius
593 1413 639 1498 de
658 1414 782 1489 eadem
799 1440 839 1488 re
865 1437 997 1486 memo·
1091 1505 1093 1508 Ι
1160 1466 1162 1472 .

43 1527 113 1600 riae
145 1524 300 1614 tradidit,
337 1528 395 1617 30,
421 1528 480 1600 20.
510 1526 547 1599 in
578 1525 610 1600 P
640 1528 696 1603 Bb
713 1528 762 1603 L
795 1526 997 1602 invenimus
1017 1529 1051 1585 ¹⁰
1078 1547 1080 1556 ’
1169 1533 1172 1542 '

42 1642 163 1741 magis
183 1666 291 1742 quam
316 1647 412 1711 metu
427 1636 512 1737 fide
536 1664 602 1740 pro
627 1642 747 1741 magis
770 1649 865 1713 mein
889 1665 997 1741 quam
1063 1727 1065 1732 Ι

32 1751 127 1853 fide.
159 1756 218 1842 30,
244 1750 369 1825 15.1n
399 1750 456 1823 Bb
485 1751 518 1825 L
548 1752 613 1825 sub
647 1754 751 1825 ouius
786 1755 890 1853 regio
911 1750 1041 1851 fide

36 1892 143 1940 more
166 1889 233 1965 pro
257 1860 322 1933 sub
347 1862 450 1933 cuins
464 1856 548 1961 fide
578 1866 682 1963 regio
713 1890 822 1936 more
852 1866 910 1951 30,
939 1866 997 1937 35.
1121 1869 1124 1881 “

25 1966 75 2055 lin
101 1975 162 2051 Bb
177 1975 210 2050 L
226 1973 433 2074 superiores
448 1983 566 2047 essent
577 1976 800 2089 pugnarent,
822 1975 859 2047 in
875 1973 925 2053 Pn
941 1953 999 2050 si-
1070 2011 1072 2016 ·

35 2093 205 2193 periores
234 2112 314 2162 sese
339 2097 569 2216 pugnarent:
604 2097 798 2188 utrumque
834 2112 900 2188 pro
926 2096 1049 2189 pre-1⁵

39 2212 206 2310 gnorent,
231 2202 438 2300 superiores
461 2210 600 2274 essent.
613 2204 672 2291 30,
689 2203 781 2277 29.
769 2228 808 2278 m
831 2200 888 2275 Bb
911 2228 1008 2303 nam*
1048 2249 1051 2254 >

42 2329 75 2392 et
100 2343 182 2391 cum
213 2312 444 2387 masinissam
475 2332 555 2385 sen
574 2313 721 2389 milibus
744 2329 818 2415 ,pro
849 2324 996 2389 nam‘et
1101 2401 1104 2405 μ

44 2428 280 2505 Masinissam
304 2450 382 2499 eum
406 2452 474 2499 sen
498 2425 664 2501 milibus:
688 2424 731 2501 ul.
830 2434 834 2444 '

136 2538 243 2643 Quae
260 2563 356 2613 ‘cum
379 2538 441 2612 *itu
476 2550 609 2631 essent,
646 2566 721 2616 non
756 2540 994 2625 dubitavimus
1074 2590 1078 2599 ι

46 2659 96 2747 30,
120 2657 153 2729 5.
180 2679 260 2728 cum
291 2652 402 2727 Drak.
426 2650 514 2730 Lov.
539 2655 573 2727 3.
599 2657 632 2729 4.
658 2654 730 2729 alii
756 2681 867 2756 snper
896 2648 994 2729 alias
1009 2668 1046 2726 2⁰

48 2771 206 2858 scribere,
232 2792 312 2842 eum
341 2765 379 2839 id
405 2766 503 2865 quod
530 2768 568 2841 in
592 2766 624 2842 P
648 2766 704 2844 Bb
729 2769 762 2844 L
787 2779 854 2859 est,
868 2784 871 2796 ¹
885 2795 993 2869 super

50 2883 109 2955 alii
130 2883 240 2969 alios,
265 2879 350 2954 ferri
374 2904 451 2964 non
476 2890 613 2981 posset,
637 2890 754 2982 atque.
776 2881 844 2955 hac
867 2891 992 2956 nostra

50 2997 175 3071 ratione
202 2992 296 3096 apud
312 2993 454 3069 Livium
471 3018 551 3067 cum
568 2993 661 3069 ¹nlius
681 3005 761 3069 tum
778 2998 836 3085 30,
854 2999 888 3070 8.
905 2995 992 3069 scri-

53 3120 137 3205 ptum
161 3109 388 3211 repeu'relur.
437 3104 552 3184 Simili
567 3118 695 3183 'errato
724 3111 785 3202 30,
812 3110 868 3181 10.
897 3106 991 3183 ἰηΡ
1098 3117 1102 3123 ’

54 3220 95 3299 Bb
118 3235 155 3299 et
180 3250 228 3297 m.-
253 3225 284 3297 1.
309 3221 345 3295 in
370 3218 502 3296 Medic.
521 3221 656 3321 pulsae
680 3221 734 3296 ad
753 3222 878 3308 muris,
901 3222 940 3293 in
956 3219 989 3295 L
1007 3236 1044 3293 ss

53 3345 80 3410 et
99 3364 141 3417 m
169 3339 204 3413 2.
234 3336 273 3409 in
300 3333 398 3411 Med.
424 3336 556 3436 pulsae
586 3334 649 3409 aul¹
667 3363 788 3423 muros
816 3335 990 3435 seriptum

53 3460 111 3525 est:
134 3477 206 3551 qua
230 3476 270 3525 re
296 3448 606 3550 adpulsae-muris
627 3450 887 3526 restituendum
906 3474 989 3524 esse

25 3566 255 3660 putavimus:
299 3560 397 3663 quod
437 3564 614 3663 integrum
657 3590 739 3639 esse
775 3562 997 3662 Rlneuanum,

53 3700 111 3751 uon
132 3678 233 3780 fugit,
265 3678 328 3777 qui
357 3678 533 3776 appulsae
563 3680 676 3751 munis
705 3674 899 3775 scripserit„
928 3677 988 3763 30,

25 3788 98 3885 ,35
120 3820 203 3868 vera
229 3790 323 3867 Livii
352 3789 506 3867 oratio
496 3816 533 3864 1n
562 3816 633 3865 uno
664 3789 697 3864 L
722 3798 862 3866 servata
890 3788 987 3865 vide·
1004 3816 1040 3889 so

25 3846 27 4037 l
56 3907 101 3976 lur
123 3916 180 3993 „el
212 3906 334 3989 omnia
364 3905 405 3978 in
425 3902 582 4003 proelio,
610 3912 698 3979 anie
718 3903 846 3994 aciem,
865 3904 988 4005 prius·
1062 3926 1065 3930 ’
1147 4004 1149 4016 Ι
