2667 4717
506 290 614 353 intur

64 440 134 513 nis
154 441 311 515 mosum
336 466 401 541 pru
420 448 572 540 praeter
589 434 718 517 Carth.
743 440 786 518 al.
810 442 857 517 ad
884 441 954 519 buc
970 470 1035 527 ac-

66 552 180 629 cedit
213 554 310 653 quud
335 563 592 664 praeterquam
610 553 729 629 >etiam
757 555 792 632 b.
817 554 912 635 tin
939 555 1035 641 Vos-

66 666 172 743 siani
190 668 284 749 ⁴eud.
315 667 472 769 margine
505 668 721 771 adscriptum
756 668 893 770 iegitur.
926 696 1033 773 quent

66 780 124 861 ad,
144 780 299 862 modum
317 782 425 881 igitur
434 783 585 883 praeter
600 782 903 873 cousuetudinem
922 811 1033 884 prue-

66 905 129 969 ter
166 922 304 971 rnorem
333 895 404 971 dici
432 894 580 987 solebat,
611 897 665 978 siu
679 896 766 972 buc
795 896 876 975 lucu
906 897 1032 982 Livius
1066 912 1085 969 s

66 1008 245 1109 pluribus
271 1009 416 1111 scripsit
432 1022 584 1111 praeter
606 1032 715 1111 quum
744 1011 784 1083 in
807 1009 937 1085 nauali
959 1038 1036 1087 cer·

67 1125 221 1199 tamine
243 1124 346 1211 salet,
371 1148 485 1224 aeque
508 1151 551 1201 ae
575 1123 768 1201 Terentius
791 1124 831 1199 in
850 1124 979 1201 Heant
1003 1128 1035 1214 1,
1138 1124 1153 1159 '

71 1239 105 1309 1.
133 1226 175 1309 8.
200 1238 324 1340 ,quod
344 1238 437 1313 miti
458 1236 584 1315 uidere
593 1248 747 1341 praeter
763 1246 920 1313 aetatem
934 1246 1053 1325 tuum

55 1349 212 1449 facere
228 1364 264 1427 et
282 1363 556 1457 praeterquam
573 1362 685 1429 reste
702 1349 920 1429 adhortatur
934 1361 1035 1427 tun.“

180 1462 242 1539 sic
265 1466 406 1545 videtur
430 1471 488 1556 30,
507 1470 566 1543 30.
590 1493 658 1570 pro
688 1469 785 1543 iuter
808 1469 946 1567 pbuuu,
977 1464 1034 1541 iit·
1051 1478 1087 1537 to

65 1584 154 1649 tera
177 1605 208 1677 p
232 1578 452 1683 negligenter
476 1582 619 1667 omissa,
649 1582 702 1655 in·
717 1579 918 1679 antiquiore
941 1578 1033 1653 libro

66 1690 243 1787 int’uucu
279 1694 450 1794 seriptum
485 1693 614 1783 inisse,
652 1717 732 1768 cnm
760 1692 799 1766 in
828 1690 885 1766 Bb
915 1690 947 1765 L
983 1691 1034 1767 sit

66 1801 243 1891 intentu,
260 1804 316 1882 in
350 1806 400 1885 Pu
429 1808 469 1879 in
498 1814 613 1879 tanta.
650 1803 718 1881 sud
744 1804 795 1878 ibi
825 1801 949 1877 eadem
978 1829 1033 1878 ru·

18 1944 20 1959 ³
67 1912 183 1985 tione
213 1915 339 1989 iterum
365 1924 549 2016 peecatum
572 1914 830 1991 vincinarum
852 1916 945 1988 enim
960 1940 1035 1989 uun

67 2018 569 2121 modoinLBrRTM
597 2028 633 2105 A
663 2027 730 2105 sed
760 2028 866 2104 etiam
895 2026 1109 2128 inpie-15¹
1157 2018 1217 2082 '‘-

68 2142 206 2241 risqua
241 2140 353 2217 Drak.
383 2141 484 2217 libris
506 2142 635 2245 fuisse
654 2144 788 2245 fertur
822 2141 1035 2234 inveniatur,

71 2255 111 2327 iu
138 2253 200 2329 Bb
224 2250 274 2333 Pn
291 2280 377 2330 veru
401 2267 438 2330 et
453 2281 519 2356 pru
532 2256 675 2357 fertur,
699 2280 805 2354 quarn
826 2254 1034 2353 particulam

75 2364 158 2441 aliis
191 2392 335 2467 quoque
365 2367 454 2443 locis
485 2369 524 2442 in
557 2358 768 2468 quibusdam
798 2365 958 2445 Liuianis
992 2369 1034 2444 li-

75 2480 167 2561 bris,
181 2480 398 2583 integrorum
421 2480 502 2559 lucu
527 2482 716 2559 verborum
740 2481 888 2582 reperiri
910 2484 1034 2559 memi-

78 2594 210 2683 nimus
233 2620 302 2677 nec
326 2620 402 2669 eam
428 2608 532 2671 maur
565 2594 612 2669 ub
644 2620 787 2691 causum
806 2594 939 2697 fertur
968 2596 1033 2671 im·
1048 2614 1086 2673 tn

79 2706 304 2808 probandum
326 2709 497 2799 videatur,
522 2708 619 2809 quud
642 2707 835 2785 nunidem
858 2707 896 2783 in
911 2709 1033 2787 meiiu-

80 2823 181 2897 ribus
205 2821 338 2897 nustris
364 2820 466 2897 codd.
491 2822 549 2913 sit,
573 2831 699 2924 utpute
723 2822 761 2898 in
779 2823 911 2923 quibus
926 2823 1033 2904 etiarn

82 2934 167 3010 alias
187 2933 359 3035 quaedam
377 2935 553 3012 excidisse
577 2935 781 3027 viderimus,
806 2959 898 3035 quae
914 2933 952 3017 in
968 2935 1033 3009 mi-

82 3052 180 3126 noris
205 3047 424 3124 auctoritatis
441 3048 541 3125 libris
566 3070 639 3125 nun
671 3048 848 3126 deerantz‘
865 3074 932 3149 pro
944 3049 1033 3151 ser·
1153 3102 1156 3109 -

84 3174 140 3263 tur¹
163 3161 274 3239 scribi
286 3162 431 3265 fer'tur
454 3162 488 3237 b.
514 3189 546 3237 e.
560 3163 734 3265 ferretur
756 3186 908 3238 necesse
930 3170 1031 3261 puta·
1047 3185 1084 3243 nt

83 3302 170 3369 mus,
198 3302 270 3377 quo
294 3276 424 3353 mendo
449 3278 554 3355 etiam
579 3280 638 3366 30,
663 3278 729 3360 30.1
746 3276 783 3351 in
800 3275 850 3355 Pn
867 3284 1032 3375 optaran-

85 3398 138 3463 tur
152 3392 328 3492 scriptum
345 3401 401 3467 est
417 3418 482 3493 pru
498 3401 759 3493 opinarentur,
783 3392 884 3464 iutra
908 3414 974 3489 pru
991 3391 1032 3462 in

85 3514 193 3591 terra,
218 3505 397 3605 multaque
423 3492 499 3581 alia.
522 3505 573 3581 Et
597 3532 678 3583 num
701 3505 738 3579 in
757 3504 787 3579 L
806 3503 858 3578 Br
881 3502 1032 3579 eisdem·

89 3644 153 3716 qne
178 3620 289 3696 Drak.
315 3618 414 3695 libris
439 3641 511 3694 nou
535 3621 571 3693 si
593 3617 658 3694 sed
683 3619 748 3717 qui
770 3618 806 3691 si
828 3619 1029 3720 autquasi,

90 3757 158 3816 nou
178 3726 338 3810 dedisset
363 3732 428 3807 sed
453 3724 590 3818 obarsit,
617 3742 654 3807 et
685 3732 724 3805 in
747 3730 837 3806 buv.
852 3732 893 3812 ,4.
924 3731 1083 3818 etiau130

23 3904 24 3909 ,
91 3853 272 3949 utrumque
297 3843 802 3946 abuuit‘dadissetvscriptum
835 3843 899 3923 sit:
931 3842 1030 3921 dubi·

23 3950 25 4026 i
