2667 4717
659 294 709 367 92

208 484 306 553 quum
327 470 452 533 vestrae
473 460 553 533 istae
574 458 730 530 absrndae
757 470 856 553 atque
878 462 1087 541 abhorrentes
1116 462 1161 529 la

38 605 43 615 2
135 584 138 589 '
206 568 323 639 cnirnue
345 576 430 637 sunt
453 555 529 667 tunc
550 566 644 637 flesse
666 566 784 650 decuit,
815 591 891 637 cum
913 567 1061 659 adempta
1082 578 1163 635 sunt

205 671 298 743 nobis
314 695 411 757 arma,
431 671 579 749 incensae
594 694 703 756 naves,
722 669 926 743 interdictum
940 672 1080 741 externis
1093 671 1162 741 hel·

204 776 259 845 list
286 776 343 844 illo
370 777 456 845 enirn
484 776 616 845 vnlnere
646 776 850 863 concidimus.
878 802 1010 847 necesse
1038 788 1098 863 est,
1126 776 1163 843 in

170 888 264 952 bvos
296 880 371 951 odio
404 893 512 951 vestro
540 880 723 951 consultum
757 882 797 952 ab
825 882 979 953 Romanis
1011 881 1160 952 credatis.

203 986 290 1055 uuila
316 1010 431 1080 magna
460 987 569 1059 civitas
597 987 763 1079 quiescere
791 999 910 1080 potest.
944 989 972 1056 si
999 986 1075 1055 ioris
1103 985 1163 1053 bo-

44 1158 47 1171 r
99 1091 104 1107 ‘
166 1160 168 1165 ,
203 1102 288 1164 stem
308 1092 514 1176 nonhabet,
543 1092 631 1160 domi
657 1092 794 1177 invenit,
818 1104 857 1161 ut
882 1091 1063 1185 praevalida
1091 1115 1161 1160 eor-

70 1262 75 1277 .
203 1222 283 1291 pora
304 1197 346 1265 ab
368 1197 507 1269 externis
529 1198 631 1269 causis
652 1184 722 1267 ‘tuta
743 1198 905 1293 videntne
923 1200 981 1270 sed
1003 1196 1069 1267 suis
1090 1196 1162 1287 ipsa

202 1304 525 1373 viribusonerantur.
551 1313 677 1373 tantum
702 1304 853 1371 nimirum
875 1326 916 1369 ex
937 1297 1072 1394 publicis
1095 1325 1161 1369 rua-

24 1426 26 1428 ’
152 1414 191 1473 19·
203 1406 242 1477 lis
263 1408 428 1491 sentimus,
450 1418 606 1499 quantum
628 1398 668 1473 nd
690 1408 828 1497 privatus
850 1433 902 1476 res
923 1406 1078 1496 pertinet3
1099 1430 1163 1475 nec

88 1532 95 1542 ·
196 1512 236 1579 in
256 1513 294 1581 iis
316 1512 490 1603 quicqum
511 1511 613 1579 aerim
635 1531 735 1601 quam
755 1510 910 1604 pecuniae
932 1510 1087 1578 damnum
1107 1510 1163 1579 sn·-

202 1616 312 1688 mulat.
332 1616 442 1707 inque
464 1639 540 1685 enm
560 1614 663 1707 spolia
685 1615 836 1686 victoriae
853 1614 1036 1708 Carthagini
1057 1616 1162 1685 detra-

104 1730 107 1737 “
202 1721 370 1805 hebanuu,
391 1744 467 1789 cum
487 1719 646 1815 inermem
664 1720 731 1789 iam
751 1745 791 1790 ac
816 1720 938 1797 nudam
965 1720 1096 1791 destitui
1115 1720 1161 1787 in-

201 1836 251 1898 ter
272 1836 323 1896 tot
344 1836 480 1895 armatas
505 1836 616 1915 gentes
638 1825 763 1895 Africae
786 1825 968 1909 nemereus,
995 1848 1095 1893 uerno
1115 1826 1161 1891 in-

150 1936 185 1993 15
203 1932 339 2025 gemuit:
367 1954 454 1998 nuuc
481 1929 557 2021 quia
583 1929 741 1999 tributum
774 1954 816 1999 ex
841 1925 966 2021 privato
994 1928 1161 1998 conferen-

80 2095 83 2109 .
201 2039 280 2105 dum
301 2046 360 2121 est,
389 2046 555 2123 tamquam
582 2034 616 2099 in
644 2035 775 2125 publico
803 2035 915 2101 firnere
942 2032 1160 2124 comploratis.

202 2165 300 2233 quam
320 2162 436 2209 vereor
456 2160 499 2207 ne
521 2160 623 2229 prope
646 2137 734 2204 diem
759 2137 909 2221 sentietis,
935 2135 1100 2205 levissimo
1126 2139 1161 2205 in

200 2246 287 2313 mulo
314 2267 374 2313 vos
399 2241 497 2311 hodie
523 2239 746 2313 lacrimasse!“
778 2242 860 2311 haec
886 2240 1043 2311 Hannibal
1069 2244 1161 2337 apud

202 2348 486 2442 Carthaginienses.
1037 2428 1041 2434 ³

24 2536 26 2547 Ι
148 2467 185 2527 99
290 2453 400 2545 Scipio
423 2451 571 2523 contione
586 2450 739 2521 advocata
753 2450 951 2520 Masinissam
966 2452 1007 2519 ad
1020 2476 1158 2544 regnum

200 2570 370 2653 paternum
398 2557 484 2626 Cirta
511 2557 608 2648 opido
636 2566 671 2625 et
696 2555 811 2624 ceteris
835 2555 969 2625 urbibus
997 2558 1157 2650 agrisque,

201 2688 285 2756 quoe
308 2686 350 2731 ex
371 2685 470 2755 regno
492 2658 649 2752 Syphacis
669 2659 704 2726 iu
725 2658 837 2751 populi
857 2660 995 2729 Romani
1016 2674 1158 2754 potesta

201 2781 269 2840 tem
290 2767 461 2851 venissent,
484 2765 613 2839 adiectis
642 2765 781 2836 donavit
804 2762 864 2835 Gn.
887 2764 1058 2839 Octavium
1078 2770 1157 2839 clas

200 2942 403 2960 m

289 3046 316 3105 9.
333 3063 399 3102 cum
417 3043 557 3121 adempta
574 3048 642 3099 sunt
660 3040 745 3099 nobis
762 3060 865 3101 armo:
882 3041 942 3117 Bb]
954 3063 1015 3101 sum
1032 3044 1154 3123 adempta

201 3133 279 3191 nobis
296 3152 376 3193 uma.

19 3302 21 3309 y
234 3236 236 3241 '
283 3237 316 3296 1.
333 3252 448 3295 necesse
466 3242 510 3296 est
528 3233 559 3289 in
575 3250 628 3291 noo
651 3230 719 3291 odio
740 3242 839 3292 oestro
861 3234 957 3306 eone]
981 3253 1107 3293 nec-esse
1124 3238 1152 3291 in

93 3352 96 3361 =
200 3344 250 3383 vos
278 3322 340 3381 odio
369 3330 459 3380 vestro
489 3339 562 3379 cons.
573 3349 617 3376 .-
635 3318 690 3377 Bb:
713 3338 765 3377 nee
790 3340 854 3379 esee
880 3331 925 3379 eat
949 3323 980 3379 iu
1006 3340 1061 3379 uos
1084 3324 1152 3381 odio

201 3420 300 3471 uestro
318 3428 397 3468 cono.
414 3407 466 3467 1³2:
484 3427 599 3466 necesse
616 3414 660 3463 est
679 3426 715 3462 ne
731 3426 785 3463 uos
803 3409 863 3464 otio
885 3414 937 3464 hro
956 3428 1035 3470 cono.
1178 3406 1183 3416 ’

188 3558 192 3569 ,
261 3550 264 3565 .
289 3506 316 3564 6.
334 3504 439 3561 ciuitas
457 3504 578 3579 qaiesc..·
595 3500 637 3557 Bb
649 3500 687 3557 Br
698 3497 760 3557 R'T
777 3500 806 3561 h
823 3504 865 3577 A]
876 3506 972 3563 civitae
989 3504 1036 3563 diu
1053 3506 1151 3583 qnieso.

95 3658 99 3667 ,
162 3624 168 3633 ·
272 3594 317 3650 10.
334 3609 386 3649 nee
403 3591 435 3645 in
451 3589 505 3645 iia.-
523 3588 580 3660 Bh]
596 3606 646 3643 nec
658 3589 688 3643 in
704 3588 754 3644 eis.

179 3748 182 3752 .
272 3680 315 3736 19.
332 3674 431 3754 spolia
446 3676 604 3733 victoriae:
621 3674 664 3732 Bb
682 3675 721 3735 Br
737 3674 764 3731 R
780 3674 806 3736 Τ
823 3674 852 3736 h
868 3676 910 3751 A]
928 3678 1014 3757 spolia
1031 3680 1124 3740 victae.

272 3765 314 3824 16.
331 3774 499 3841 tamquam:
517 3762 559 3820 Bb
581 3760 637 3835 1³2]
657 3772 790 3839 unquam.
1098 3801 1102 3814 .

270 3851 481 3911 nn.c0m1·0m.·
505 3850 547 3908 Bb
564 3848 623 3919 Ρη]
641 3853 777 3910 concione.

271 3939 315 3998 91.
335 3938 512 4019 opidorBh]
530 3935 665 4017 oppido.¹
787 3973 850 4001 ·,
979 3973 982 3981 ·
