2667 4717
561 224 861 344 ΙΙ’Μ’

229 434 310 514 dam
333 434 440 511 huius
465 434 604 525 codicis
628 433 772 510 librario
804 433 978 534 auspican
967 432 1116 510 liceat
1129 476 1181 493 -·-

227 550 325 625 nullo
349 576 464 653 paene
488 526 568 625 loco
589 549 838 649 incorruptum
868 546 955 621 iilud
973 574 1181 680 pronomen

229 666 539 769 praetermitteret.

324 778 381 853 Ac
405 778 557 881 primum
582 777 736 879 quidem
750 774 964 853 difficiliores
984 804 1047 854 eos
1067 776 1186 866 incus,
1266 840 1271 852 .

105 981 107 987 y
189 900 210 957 b
230 892 360 993 quibus
379 892 552 969 Puteanei
577 902 615 967 et
630 890 787 981 Medicei
811 892 975 967 codicum
997 890 1110 975 oratio
1133 893 1181 965 ab

126 1004 129 1012 ’
186 1005 375 1112 reliquis
410 1006 511 1082 fibris
546 1002 746 1105 discrepat,¹
787 1030 867 1079 cum
909 1005 980 1079 hoc
1013 1004 1184 1079 Bamber·

78 1109 102 1139 '⁴
229 1122 331 1243 gensi
356 1100 590 1209 conferebam,
613 1145 684 1193 nec
707 1144 817 1219 parvo
844 1118 1022 1193 afficiebar
1044 1119 1183 1220 gaudio,

136 1298 139 1307 .
229 1260 310 1329 curn
333 1234 543 1336 plerumque
569 1244 607 1308 et
630 1233 668 1305 in
691 1232 831 1308 mendis
861 1244 900 1307 et
923 1234 960 1307 in
989 1231 1183 1311 virtutibus

140 1422 152 1442 ,f
202 1325 324 1421 'huuc
348 1348 398 1421 ita
423 1374 504 1421 cum
528 1348 598 1423 itus
623 1346 763 1446 duobus
789 1372 986 1446 congruere
1013 1346 1183 1435 viderem,

128 1482 136 1553 j
179 1433 214 1527 td
231 1470 271 1535 ut
255 1460 398 1537 tsicubi
409 1459 646 1563 discrepantia
659 1439 835 1560 quaedam
841 1461 1073 1561 reperiretan,
1080 1459 1185 1533 Bam-

121 1622 123 1624 »
229 1564 415 1677 bergensis
453 1584 515 1649 aut
549 1575 698 1677 propius
738 1573 783 1647 ab
819 1572 1004 1648 Puteeneo
1040 1574 1187 1649 abesset
1260 1639 1263 1645 .

231 1713 346 1795 quam
362 1716 382 1762 a
405 1674 584 1795 Mediam,
608 1698 670 1763 aut
693 1686 790 1761 ubi
779 1714 817 1764 ιιι
841 1697 970 1761 neutro
987 1713 1110 1763 eorum
1125 1714 1186 1764 ve·

230 1828 309 1877 rum
338 1802 490 1893 inesset,
519 1826 812 1902 nonnumquam
844 1799 902 1875 hic
932 1828 1026 1876 unus
1056 1803 1187 1878 oratiu-

231 1940 313 1992 nem
351 1916 536 1993 Livianam
568 1925 771 2020 praestaret
805 1914 1078 2017 integerrimam.
1116 1916 1188 1991 hoc

179 2040 213 2101 to
232 2029 325 2103 enim
337 2026 395 2105 vei
408 2056 453 2104 ex
466 2038 509 2104 eo
522 2055 598 2107 ven
588 2028 726 2103 simile
743 2028 852 2102 fiebat
853 2028 973 2127 ‚qnod
988 2054 1069 2111 cum
1082 2013 1188 2103 Bam

109 2190 112 2203 ·
179 2143 417 2243 bergensis
450 2168 495 2219 ex
525 2141 834 2243 praestantissimo
867 2137 957 2216 libro
982 2140 1187 2244 descriptus

230 2252 471 2361 rideretur,
439 2278 517 2330 orus
534 2253 699 2329 librarius
716 2242 932 2355 ubicumque¹
948 2257 1145 2356 peccabat
1134 2282 1190 2330 ιιι-
1206 2329 1211 2337 „

233 2374 328 2448 curia
354 2366 506 2476 quadam
530 2378 639 2469 atque
655 2368 893 2469 imprudentia
911 2382 1099 2463 erraverat,
1114 2393 1193 2448 non*

224 2482 398 2564 *consulto
422 2508 490 2559 nec
515 2492 556 2560 ut
580 2508 645 2557 sua
669 2486 808 2559 ratione
833 2484 1045 2584 scriptorem
1070 2481 1206 2561 emen?

164 2595 217 2673 ἰθ
235 2598 344 2685 daret,
369 2597 401 2672 si
426 2597 609 2697 exceperis
634 2596 722 2673 iliud
745 2596 783 2672 in
807 2598 1077 2698 pronominibus
1102 2596 1189 2675 sc‘ri·

237 2708 554 2791 bendiemendum
574 2706 859 2811 'paucaquealia
888 2737 981 2820 quae
1011 2737 1085 2785 nnn
1113 2723 1188 2792 tarn
1225 2751 1235 2760 ··

235 2827 339 2907 unius
365 2823 498 2907 librarii
524 2850 630 2924 quam
656 2827 790 2930 aetatis·
800 2825 886 2900 vitia
912 2836 1004 2900 sunt.
1030 2852 1102 2926 quo
1130 2852 1189 2900 co-

147 3002 149 3007 .
236 2940 334 3043 gnito
366 2938 411 3017 ad
440 2938 661 3017 tricesimum
694 2938 840 3028 librum,
869 2939 907 3011 in
939 2940 1039 3015 cuius
1072 2940 1191 3041 capite

235 3054 406 3133 vicesimo
431 3062 541 3131 sexto,
557 3051 758 3144 Medieeus,
783 3053 965 3128 tricesimo
983 3052 1189 3155 Puteaneus

88 3239 92 3248 Δ
183 3184 219 3248 no
238 3166 415 3257 desinunt,
447 3166 579 3263 maiore
610 3165 766 3266 quodam
791 3166 912 3242 studio
936 3164 1091 3257 incubui,
1120 3193 1191 3242 nec

145 3307 150 3321 ¹
239 3280 432 3385 quidquam
464 3280 633 3387 repperi·
644 3307 730 3410 quo·
745 3279 784 3353 id
808 3280 950 3379 quod
939 3307 978 3354 ιιι
1010 3269 1202 3383 prioribus¹

231 3422 303 3477 sex
326 3395 425 3501 libris
455 3392 543 3467 mihi
564 3392 794 3495 perspexisse
818 3394 973 3485 videbar,
991 3394 1192 3469 infirmare,
1217 3398 1220 3402 ’

110 3536 113 3539 ·
180 3520 330 3585 tur
344 3534 424 3585 num
460 3507 525 3609 igit
526 3534 569 3582 ur
599 3507 636 3583 in
675 3508 745 3583 hoc
776 3499 1033 3611 Bambergensi
1066 3509 1191 3583 codice
1261 3561 1275 3578 ι

193 3623 368 3697 librum
401 3622 620 3696 tricesimum
651 3622 840 3704 Liuianum
863 3650 980 3725 usqne
1005 3622 1055 3697 ad
1084 3624 1190 3726 finem

16 3802 22 3823 .
86 3830 88 3836 Ι
189 3756 226 3817 30
242 3737 384 3814 absolut
368 3746 444 3811 tum
468 3732 636 3815 viderem
642 3762 720 3815 nec
743 3756 857 3838 pauca
881 3738 919 3813 in
942 3736 1051 3811 hoc
1042 3761 1121 3833 ipso
1152 3736 1193 3809 ii

242 3854 308 3935 bro
332 3874 396 3933 ιιι
427 3851 498 3935 iarn
528 3850 673 3933 dudum
700 3876 915 3964 magnopere
946 3848 1191 3943 offendissent,
1224 3918 1229 3931 s
