2667 4717
444 431 446 435 y
520 366 604 459 ιιιιι
713 358 739 429 ᾗ
809 403 813 410 .

27 528 29 535 ’
86 508 288 613 legimusr,
290 510 407 596 ,misit
432 507 504 581 od
506 518 646 610 portos
665 511 729 610 qui
757 534 810 583 eo:
830 472 1038 613 propinquo

88 622 254 726 alloquio
279 625 420 697 ooimos
441 634 554 723 tempi
555 633 696 705 oreut“
726 622 822 723 quod
853 634 1051 738 antemon

78 736 146 813 vel
173 762 216 813 co
241 763 307 837 pro
332 762 401 811 con
425 738 537 838 script
537 763 597 811 um
621 748 689 829 est,
703 728 751 809 id
765 738 907 819 nentini
911 727 1064 814 mirum·
1142 735 1147 750 ‘

27 904 28 909 ,
88 850 281 943 videbitur,
311 862 390 925 curn
422 876 533 951 saepe
559 851 611 925 ita
639 861 795 948 erratum
826 852 883 942 sit,
912 863 954 928 ut
983 878 1066 936 ex.

89 992 141 1068 gr.
174 965 378 1066 coloquium
407 958 623 1041 scriberetur
654 990 721 1068 pro
751 966 955 1067 obloquium
981 963 1040 1042 vel
1074 971 1092 1026 ῡ
1153 1002 1179 1025 ··

89 1078 340 1180 conloquium:
345 1081 564 1193 praesertim
577 1088 656 1155 cuin
674 1106 699 1154 u
712 1088 934 1209 sequeretur,
952 1101 1044 1178 quae

89 1191 211 1267 littera
236 1218 317 1268 cum
340 1220 366 1267 n
387 1192 486 1268 baud
510 1219 590 1269 raro
608 1193 754 1268 confusa
773 1203 840 1267 est
855 1195 919 1267 sic
936 1194 1044 1268 etiam
1110 1259 1114 1272 .

90 1306 151 1395 30,
179 1308 234 1380 10.
258 1294 403 1383 nomin
426 1307 483 1383 Bb
508 1307 682 1408 scriptum
706 1315 764 1382 est
787 1294 853 1408 pro
878 1294 995 1383 bum.

27 1418 30 1507 1
191 1422 223 1495 3.
270 1420 329 1497 Ex
353 1414 631 1497 consonantibus
660 1421 766 1497 huius
792 1420 934 1525 generis
964 1415 1071 1520 perr
1142 1460 1146 1465 ·
1183 1456 1186 1461 ·

27 1574 28 1619 ι
94 1533 325 1618 ιιίἰι1ιι1ιιιιι1ιιι
347 1535 509 1637 inprimis
535 1526 611 1611 bet
626 1533 662 1609 ot
684 1534 758 1610 'boc
781 1544 889 1636 pacto
915 1532 1042 1607 mirum
1062 1542 1096 1597 1⁰
1121 1526 1142 1623 Ἀ
1252 1561 1255 1564 ·

90 1674 340 1750 quamsaepe
369 1649 407 1723 in
436 1643 761 1751 praepositionibus
792 1648 839 1721 ab
871 1657 910 1723 et
933 1646 988 1721 od
1006 1646 1047 1721 in
1165 1691 1173 1747 5

88 1760 260 1844 Liuianis
286 1760 387 1835 libris
416 1772 603 1861 peccatum
635 1771 725 1836 est·
745 1788 837 1860 quae
872 1777 931 1836 res
967 1775 1048 1835 cum
1176 1795 1178 1799 ·
1299 1783 1302 1788 ’

86 1898 173 1947 non
198 1873 243 1945 ab
268 1873 431 1950 omnibus
453 1873 607 1947 librariis
621 1874 893 2002 perspiceretur,
916 1899 983 1974 pro
1000 1872 1052 1945 od
1136 1955 1140 1966 ¹
1167 1941 1169 1948 ,

27 2000 30 2071 t
96 1995 164 2061 aut
179 2011 204 2059 o
220 1985 392 2115 scriptum
409 1995 471 2062 aut
487 1986 646 2087 integrae
663 2010 772 2062 voces
790 1985 944 2074 omissae
960 1994 1052 2059 sunt

99 2100 156 2175 sic
184 2101 243 2187 30,
271 2098 341 2171 1.
329 2124 368 2173 ιιι
391 2097 425 2173 P
447 2098 505 2205 Bb
536 2100 648 2203 script
649 2126 709 2174 um
737 2109 796 2175 est
824 2088 879 2172 od
905 2108 1051 2190 notura,
1064 2088 1102 2169 15
1154 2143 1158 2152 ‚

96 2238 166 2317 pro
187 2225 314 2314 eoque
344 2213 414 2311 iam
443 2213 482 2287 in
511 2213 544 2289 L
575 2240 600 2287 o
631 2225 776 2302 notura,
808 2238 890 2288 cum
914 2212 963 2294 ab
986 2238 1052 2286 uo·
1168 2278 1172 2283 .

98 2338 184 2403 turo
207 2351 332 2402 verum
356 2309 464 2402 esset.
484 2328 548 2427 30,
572 2327 628 2408 27.
653 2316 749 2401 ribi
738 2352 776 2400 ιιι
799 2325 917 2401 Bbrn.
944 2329 976 2399 1.
1001 2324 1055 2399 od

95 2440 262 2543 placatis
283 2438 361 2513 diis
375 2440 555 2539 scriptum
581 2450 666 2531 erat,
696 2439 879 2516 1112.αό
907 2439 1053 2515 restitu-

102 2565 190 2644 tum,
205 2552 607 2631 inPautemtotavox
630 2553 921 2644 omissaest30‚
943 2556 998 2648 10.
1015 2562 1054 2628 et
1237 2618 1241 2626 ,

27 2730 28 2735 ,
102 2668 139 2742 in
164 2666 198 2742 P
221 2666 278 2745 Bb
303 2660 341 2743 et
370 2667 408 2741 in
436 2664 568 2743 Medic.
598 2666 789 2743 metathesi
821 2666 972 2774 quadam
996 2666 1079 2743 lit-
1067 2689 1105 2766 20

102 2792 259 2857 terarum
285 2765 457 2883 seriptum
482 2791 539 2857 est
523 2779 792 2857 thober-entem
813 2807 879 2883 pro
896 2808 941 2857 eo
956 2780 1055 2881 quod
1158 2817 1165 2822 ·

103 2877 361 2969 adhaerentem
385 2905 457 2970 est.
486 2894 525 2969 id
556 2895 653 2996 quod
678 2922 758 2971 eum
782 2895 972 2986 hominem,
995 2920 1055 2970 cu·
1203 2982 1206 2992 1

104 3010 159 3086 ius
195 3034 302 3110 opera
325 3006 423 3085 Med.
456 3007 546 3083 liber
570 3010 777 3085 emendatus
806 3018 877 3098 est,
904 3023 979 3083 non
1001 3008 1116 3085 su·
1184 3091 1190 3104 x

106 3124 174 3222 git,
207 3149 287 3227 curn
322 3122 417 3197 idem
454 3121 505 3196 ibi
540 3124 649 3197 scribi
681 3122 799 3201 veliet.
836 3122 1082 3212 recentiores:
1205 3213 1211 3218 ἱ

105 3248 227 3313 tamen
256 3263 297 3312 re
332 3262 406 3311 non
442 3248 630 3339 perspecta
660 3234 867 3312 haerentem
901 3235 1055 3347 scripse·
1070 3261 1106 3318 ns

107 3362 217 3442 runt„
246 3350 308 3427 Sic
321 3433 325 3447 ¹
338 3352 448 3429 etiam'
474 3377 549 3425 non
572 3350 707 3441 dubito,
740 3349 888 3428 cumin
919 3348 1055 3425 eisdem
1138 3401 1147 3412 ·

109 3465 253 3567 optimis
274 3465 375 3541 libris
405 3490 579 3565 persaepe
609 3453 788 3539 aduersus
805 3475 843 3567 et
866 3461 1055 3538 advortere

112 3574 282 3680 scriptum
313 3579 372 3669 sit,
402 3580 562 3678 quamvis
594 3578 753 3654 locorum
785 3578 876 3654 ratio
908 3579 1057 3662 auersus

90 3702 148 3770 ,et
171 3704 334 3767 avertere
356 3690 523 3792 postulet,
554 3692 640 3793 quin
668 3692 831 3767 omnibus
862 3688 932 3766 illis
963 3690 1052 3765 locis

113 3815 253 3881 anctore
276 3804 497 3907 Quintiliano
524 3808 579 3894 12,
606 3808 659 3881 10.
684 3808 744 3879 32.
766 3804 918 3907 ,antiqua
945 3828 1053 3906 ιιιιιιιι
1068 3831 1122 3888 ³⁰.
1179 3857 1189 3863 -

27 3940 29 4013 ᾗ
114 3921 281 4023 scriptum
300 3919 410 4010 fuerit
433 3916 605 3995 obversus·
618 3930 655 3995 et
672 3918 867 3994 obvertere.
883 3961 932 3977 -
947 3915 1053 3991 Haud
