2667 4717
518 378 601 429 1th

70 520 174 597 hane
198 544 323 595 vocem
348 529 432 596 ante
455 548 476 594 s
504 546 629 623 parum
654 521 842 626 diligenter
866 522 1036 627 scriptam

67 633 306 712 vidissemus.
372 632 406 741 ᾗ
807 654 812 668 “
936 673 947 704 1„

99 793 105 802 -
181 747 240 822 Vl.
277 746 363 823 Non
376 752 570 849 numquam
582 746 948 856 deniqueexintegra
960 751 1037 827 ora-

67 862 177 935 tione
203 859 337 962 aliquid
362 862 503 952 excidit,
538 887 759 965 quamquam
776 861 893 940 nullae
922 891 1036 967 prope
1108 870 1116 972 s

66 972 224 1049 modum
250 976 544 1076 causae,.quibus
570 976 702 1053 librarii
727 978 764 1053 in
787 978 878 1053 tales
895 1004 1035 1055 errores
1069 988 1088 1044 5

65 1090 216 1165 inducti
233 1089 317 1177 sint,
334 1089 483 1191 reperiri
500 1115 610 1190 posse
625 1090 809 1187 videntum
825 1091 940 1169 multa
954 1096 1066 1191 con-f

66 1212 128 1279 tra
158 1204 275 1279 iustae
300 1204 451 1279 orationi
476 1204 521 1278 ab
546 1206 785 1282 recentiorum
809 1205 1036 1308 potissimum

67 1317 242 1394 codicum
265 1316 417 1395 librariis
451 1318 759 1421 interpretationis
783 1344 891 1397 cansa
915 1316 1062 1395 addim

65 1443 173 1509 sunt
287 1438 289 1443 ’
583 1525 586 1535 .
1034 1519 1038 1526 ,
1103 1479 1105 1484 -

176 1554 208 1622 1.
249 1546 331 1623 Huc
347 1547 505 1650 pertinet
526 1546 639 1639 loeus,
665 1545 729 1648 qui
752 1547 812 1636 3⁰,
838 1546 894 1622 40.
919 1545 958 1621 in
973 1544 1032 1622 Bb
1052 1559 1087 1625 1⁰

63 1660 122 1736 ita
150 1660 280 1764 legitur
312 1658 529 1736 Verminam
556 1662 670 1736 etiem
685 1657 874 1765 Syphacis
894 1656 1034 1761 filium,

63 1800 172 1876 quae
189 1800 309 1874 paroc
334 1774 422 1849 bene
439 1784 542 1875 geste
559 1776 618 1848 rei
635 1775 798 1848 accessio
815 1782 908 1861 erut,
931 1772 1034 1852 deoi-

66 1891 193 1974 c'tum;
215 1886 255 1958 in
277 1884 328 1965 Pa
345 1912 414 1985 que
438 1911 562 1987 perna
593 1885 685 1961 bene
705 1894 808 1985 geste
832 1886 891 1961 rei
914 1910 1035 1959 acces·

11 2004 12 2007 ’
63 2000 132 2073 sio
159 2006 240 2071 eret
263 1995 466 2094 deuictum
489 1999 528 2073 in
550 1998 584 2073 Ii
609 2024 680 2099 que
697 2021 818 2095 parue
846 1997 906 2070 rei
931 2008 1035 2099 geste

65 2112 240 2187 accessio
264 2109 446 2186 deuictum
470 2121 570 2187 eret:
600 2111 782 2210 similique
812 2109 952 2187 ratione
981 2112 1033 2190 vi·
1050 2126 1085 2183 ¹5

65 2217 181 2301 detur
204 2225 243 2299 in
267 2224 433 2301 omnibus
449 2224 712 2327 antiquioribus
729 2222 830 2299 libris
847 2225 1033 2325 scripturn.

67 2338 138 2417 sed
166 2364 248 2412 cum
272 2337 311 2411 in
335 2336 469 2414 maiore
492 2335 558 2427 illo,
579 2362 660 2411 conr
676 2332 1032 2437 Carthaginiensibus

67 2450 210 2556 proelio
235 2476 414 2552 supremo,
441 2450 541 2527 euius
567 2447 695 2525 eodem
719 2447 800 2524 loco
823 2448 958 2526 mentio
981 2450 1033 2542 fit,
1155 2486 1157 2489 ⁴

68 2565 201 2669 viginti
225 2565 319 2642 milia
349 2564 508 2642 hostium
541 2564 717 2640 cecidisse
747 2564 807 2651 so,
830 2562 892 2644 35.
923 2553 1033 2639 tradi-

69 2692 148 2756 tum
188 2680 252 2771 sit,
286 2680 324 2753 in
357 2678 424 2753 hac
453 2679 563 2755 altera
597 2706 679 2753 curn
710 2675 882 2755 Vermina
911 2694 1084 2780 pugnato

71 2798 128 2886 30,
155 2796 216 2870 36.-
244 2791 448 2895 quindeeim
476 2793 588 2869 milia:
618 2792 710 2867 haec
739 2789 850 2866 altera
879 2790 1031 2884 victoria

73 2906 141 2984 dici
167 2917 292 3011 potest
313 2908 474 2981 accessio
500 2905 610 3010 priori
625 2904 805 2996 victoriae,
822 2930 896 2979 non
906 2929 1031 3005 parve
1136 2970 1140 2981 .

75 3023 245 3099 accessio}
272 3018 371 3122 quod
400 3044 480 3094 cum
506 3018 798 3120 Havereampiani
823 3013 958 3091 codicis
988 3014 1031 3091 li-
1140 3051 1141 3054 ¹

74 3134 211 3212 brarius
235 3144 336 3211 recte
360 3132 615 3237 perspexisset,
639 3132 719 3233 ipse
734 3155 830 3232 quae
846 3153 919 3206 non
937 3154 1036 3227 por»,

77 3276 120 3323 uc
156 3250 248 3326 bene
276 3258 404 3351 gestae
433 3247 492 3323 rei
520 3246 682 3321 accessio
702 3245 849 3358 suerat.
869 3237 1027 3317 seriben-
1044 3262 1080 3321 ss

77 3362 155 3437 dum
183 3364 333 3455 censuit,
365 3363 403 3437 in
432 3362 503 3437 hoc
535 3385 608 3436 uno
640 3358 686 3435 ab
716 3366 817 3432 retto
847 3354 1029 3444 aberrans,

78 3476 171 3575 quod
196 3504 269 3551 nou
293 3477 448 3578 scripsit,
479 3500 560 3550 cum
589 3470 694 3547 haud
715 3493 839 3573 parem
870 3466 1028 3542 scriben-

79 3588 157 3666 dum
182 3591 320 3667 fuisset
345 3615 416 3665 uno
448 3589 541 3665 enim
572 3587 652 3665 loco
685 3591 837 3685 excepto
868 3580 927 3671 29,
957 3582 1027 3671 25„

80 3729 147 3803 quo
171 3733 245 3784 non
269 3706 348 3781 sine
373 3728 479 3779 causa
503 3729 576 3778 non
600 3726 721 3804 porco
751 3720 899 3769 numero
930 3696 1027 3767 inter

82 3816 242 3897 rumores
259 3818 445 3921 discrepat
469 3816 640 3916 scriptum
653 3812 816 3899 ¹videtur,
848 3829 1025 3906 nusquam
1042 3832 1079 3887 so
1125 3899 1127 3903 Α
1225 3892 1235 3910 κ

20 3964 22 4029 i
83 3936 170 4031 apud
198 3934 356 4027 Livium,
383 3930 454 4009 nisi
485 3926 651 4019 fallimur,
682 3952 754 4003 oon
779 3945 936 4026 parvum
960 3914 1027 3995 sed
