2667 4717
717 316 743 364 X

255 452 396 545 allatum
421 471 538 557 esset.;
564 469 626 535 aut
639 455 750 559 'quod
779 457 932 533 taliane
963 458 1002 534 in
1030 457 1100 534 illis
1126 459 1207 559 qoi-¹

256 575 336 655 dem
366 586 506 677 reperta
538 600 620 659 esse
650 571 876 664 videbantur,
905 572 976 648 nisi
999 572 1092 649 sorte
1124 575 1202 651 eius

254 690 405 791 generis
437 690 575 791 quid
564 704 603 763 ιιι
637 686 848 788 Mogontina
884 697 945 763 aut
980 678 1204 766 Froberriaua

254 801 410 879 editione
434 804 635 905 apparebat.
674 801 767 878 Cum
790 802 899 902 igitur
923 800 1073 902 amplius
1097 801 1204 878 dubi·

113 960 115 965 ·
218 915 428 993 5tandum
430 942 503 993 non
532 916 722 1007 videretur,
753 914 842 1016 quin
871 914 929 989 alii
957 914 1042 1005 loci,
1073 916 1203 1016 quim
1253 940 1266 950 ·

232 1030 521 1135 Bambergeusi
531 1018 622 1104 libro
647 1049 755 1106 secus
779 1040 887 1130 atque
920 1029 957 1103 in
980 1028 1144 1130 reliquis.
1153 1029 1203 1103 le·
1240 1083 1243 1085 ψ

253 1154 429 1245 gerentur,
455 1145 499 1218 ab
525 1144 576 1219 eis
603 1144 734 1243 quibus
758 1142 897 1219 illorum
923 1142 1145 1244 egregiorum
1161 1142 1203 1217 li·

250 1259 398 1334 brorum-
422 1258 523 1358 copia
553 1256 678 1347 luerat,
707 1282 855 1358 prorsus
886 1256 1129 1359 praetermissi
1159 1282 1201 1330 ac

188 1464 198 1477 Ἢ
251 1370 405 1473 neglecti
430 1372 563 1461 essent
588 1370 646 1445 alii
671 1396 744 1445 ιιοιι
773 1371 903 1473 integri
935 1370 1001 1446 sed
1031 1384 1094 1445 eae
1124 1380 1202 1444 tan·

11 1506 13 1511 ’
90 1498 93 1503 ·
122 1565 124 1569 ,
200 1494 236 1553 10
252 1495 329 1560 tum
355 1510 476 1560 eorum
486 1495 622 1588 partes,
648 1483 810 1585 quaesad
833 1510 893 1560 res
918 1484 1044 1560 dubias
1062 1493 1202 1585 specta-

241 1609 342 1699 rent,
367 1625 411 1673 ex
427 1598 570 1700 optimis
590 1595 695 1673 libris
721 1598 920 1699 exscriptae
945 1608 1079 1688 essent,
1105 1623 1202 1673 cum-

197 1722 202 1730 ’
251 1712 385 1814 quein
419 1738 491 1787 uno
520 1710 777 1812 Bambergeusi
805 1711 1102 1812 acquiescendum
1126 1730 1213 1809 nou¹
1324 1709 1328 1718 ’

88 1835 91 1847 “
210 1892 211 1899 ,
249 1825 449 1918 videretur:
474 1850 618 1927 operam
643 1834 803 1901 nostram
827 1826 860 1901 si
889 1851 963 1899 uon
994 1824 1127 1899 irritam
1159 1834 1229 1903 at.

200 2014 202 2021 s
249 1966 322 2017 ιιοιι
353 1940 440 2017 satis
470 1940 633 2016 idoneam
658 1940 924 2052 perfectamque
954 1940 1030 2013 lore
1054 1936 1197 2015 videba-

200 2060 233 2117 15
250 2042 344 2185 ιιιιιιἶ
364 2052 436 2140 nisi
452 2078 532 2127 cum
552 2051 816 2158 Bambergensi
827 2041 1057 2143 Puteaneum
1088 2057 1194 2166 quem

120 2170 122 2174 ⁴
207 2168 407 2243 .omnium
418 2164 536 2241 huius
562 2163 706 2239 decadis
730 2166 857 2241 tertiae
881 2166 1051 2268 librorum
1075 2163 1120 2241 et
1136 2192 1198 2241 an
1181 2173 1216 2227 ·'

197 2280 491 2382 tiquissimum
521 2279 599 2355 et
588 2280 869 2407 integerrimum
888 2306 971 2356 esse
999 2267 1195 2381 constaret,

251 2394 413 2479 conferre
430 2402 538 2494 atque
563 2391 779 2493 coniungere
794 2376 1048 2503 potuissemus.
1157 2467 1159 2471 ,
1242 2434 1247 2443 ·

156 2569 166 2588 ι
346 2508 473 2607 Itaque
490 2532 570 2581 cum
582 2504 641 2580 ille
652 2506 743 2610 liber
755 2508 1061 2610 pretiosissimus
1050 2512 1088 2583 ιιι
1100 2492 1197 2612 regia

66 2660 72 2669 ¹
198 2626 236 2686 90
250 2620 463 2696 bibliotheca
476 2617 637 2716 Parisiua
663 2630 771 2709 esset,
790 2620 871 2697 Car.
888 2620 1024 2707 Bened
1038 2622 1197 2714 Hasium‚

248 2737 363 2813 virum
388 2760 467 2808 cum
494 2734 676 2809 doetrinae
701 2735 903 2835 copiatum
929 2735 1198 2824 omnihumani·

231 2849 333 2925 tatis
358 2874 488 2950 genere
513 2846 838 2937 celebratissimum,
862 2874 928 2949 per
954 2848 1092 2925 litteras
1117 2849 1198 2941 adii,

249 2974 290 3039 ut
308 2961 401 3037 'mihi
425 2950 537 3037 ex'eo
566 2962 785 3038 tricesimum
804 2961 931 3036 librum
946 2961 1133 3039 Liuianum
1155 2990 1197 3037 ea
1256 3000 1259 3003 ι

251 3104 321 3179 qua
343 3075 472 3169 iubae
495 3103 541 3164 re¹
554 3101 651 3177 opus
678 3086 777 3152 esset
792 3076 972 3185 diligentia
994 3073 1198 3152 describen-

4 3286 7 3293 Ι
99 3236 109 3271 ι,
196 3202 231 3264 95
249 3189 333 3267 dum
359 3201 506 3267 curaret
530 3216 597 3265 nee
623 3188 816 3291 quidquam
840 3189 927 3264 milri
950 3189 1085 3291 gratius
1113 3216 1226 3274 con-¹

188 3408 191 3415 .
249 3308 388 3409 tingere
398 3301 525 3406 potuit,
538 3330 644 3405 quam
656 3313 698 3379 ut
706 3330 775 3403 per
784 3303 883 3412 'illum
896 3302 982 3377 mihi
994 3303 1197 3399 conciliare·
1271 3364 1280 3378 ..

247 3432 307 3512 tur
317 3418 361 3511 E.
373 3417 546 3509 lilibeum,
564 3417 624 3494 cui
639 3442 844 3518 graecorum
860 3444 967 3524 manu
982 3418 1207 3519 scriptorum¹

249 3533 411 3611 custodia
435 3533 472 3607 in
497 3532 556 3605 illa
580 3531 795 3621 bibliotheca
819 3532 982 3608 mandata
999 3543 1073 3609 est:
1098 3542 1197 3607 tanta
1287 3520 1290 3524 ⁵

249 3649 343 3725 enim
367 3647 422 3727 vir
450 3644 679 3721 doctissimus
710 3643 748 3719 in
779 3672 887 3748 opere
906 3646 1197 3721 laboriosissimo
1228 3653 1236 3662 “

196 3774 232 3833 30
250 3760 407 3838 sollertia
430 3770 600 3859 tantaque
631 3756 840 3856 assiduitate
864 3751 1027 3839 versatus
1058 3770 1125 3849 est,
1156 3770 1197 3834 ut

248 3904 295 3959 ue
311 3874 455 3967 minima
472 3864 616 3975 quidem
633 3898 701 3952 nee
723 3873 846 3955 oculos
861 3892 931 3959 uec
947 3883 1102 3951 mentem
1118 3873 1196 3956 eius
