2667 4717
536 242 630 297 xvlt

101 386 248 490 quitatis
273 398 499 497 monumenta
505 336 798 495 praeclarissima
815 390 922 494 digna
941 402 1074 483 erant,
1162 373 1165 394 ι

99 500 271 604 religione
295 478 496 596 utebantur,
521 515 588 581 trec
603 504 752 602 multum
768 492 1064 597 considerabant,
1153 511 1157 542 ²

98 644 187 692 num
212 644 254 701 ea
277 644 370 718 quae
394 620 509 721 primo
534 631 694 721 aspectu
707 632 872 724 corrupta
886 620 1089 698 videren-
1161 695 1164 699 s
1257 622 1306 683 -’

99 740 178 821 tur,
203 731 407 833 diligentius
433 734 629 809 examinata
653 736 853 811 rectissime
878 760 920 812 se
943 734 1052 809 habe·
1166 822 1168 827 ,

100 855 195 935 rent,
225 856 287 921 aut
311 844 459 945 singulis
484 848 700 947 quibusdam
728 848 859 925 litteris
885 848 1055 928 emenda·
1086 858 1106 915 t

78 961 147 1065 ¹tis
181 960 271 1035 satis
308 962 599 1037 restituerenturz
638 960 832 1039 dummodo
863 961 918 1052 id,
955 960 1053 1062 quod

100 1062 244 1149 Livium
268 1075 461 1177 scripsisse
489 1075 764 1177 uolebant,pe1·
794 1100 835 1150 se
867 1068 1053 1155 emendate

101 1186 235 1265 dictum
266 1199 372 1267 esset
405 1216 524 1289 neque
560 1200 680 1264 tamen
709 1190 772 1290 qui
799 1188 888 1263 baec
925 1197 1054 1263 tracta·

100 1311 185 1375 runt
219 1298 505 1403 reprehendendi
530 1302 824 1435 videbuntur,
794 1307 826 1379 ει
851 1302 1054 1378 ardentiore
1164 1354 1166 1356 »

102 1413 328 1515 quodamst
312 1411 413 1519 tudio
452 1416 638 1523 impulsi
629 1418 737 1493 etiam
768 1442 859 1517 quae
888 1415 1054 1491 ernenda-
1072 1430 1107 1486 ιο
1205 1507 1210 1517 Ι

94 1528 199 1603 aione
220 1528 376 1603 nihilo
331 1510 493 1630 egebant,
518 1506 739 1607 ειιιειιιιιιιιιιιι
762 1529 961 1621 habuerint,
985 1553 1054 1607 nec

102 1641 222 1717 omnia
255 1668 346 1743 quae
375 1644 514 1745 integra
543 1643 667 1719 haberi
698 1670 772 1727 non
801 1653 987 1745 poterant,
1015 1642 1054 1717 in
1174 1726 1184 1733 ,
1223 1721 1227 1731 ,

101 1764 201 1829 tanta
224 1757 433 1832 mendorum
465 1753 568 1858 copia
598 1757 721 1833 subtili
757 1753 889 1833 indicio
926 1755 1055 1831 exami·
1115 1829 1118 1835 .

21 1954 24 1959 1
105 1866 225 1941 narint
260 1865 505 1967 probabilique
540 1869 678 1945 ratione
705 1870 944 1943 emendarintz
973 1893 1054 1944 cum
1097 1935 1104 1947 .
1190 1956 1192 1960 ¹

105 2004 213 2079 saepe
236 2005 283 2053 ne
308 1979 483 2079 suspicari
508 1980 652 2081 quidem
677 1974 869 2081 potuerint,
894 2005 966 2082 quo
990 1991 1107 2082 po-‘ta'

103 2093 280 2197 tissimum
303 2090 384 2167 loco
409 2089 533 2168 vitium
561 2092 699 2183 lateret,
730 2094 802 2170 nisi
835 2094 992 2195 antiquis
1009 2093 1057 2169 li·
1095 2140 1101 2147 ’

35 2228 38 2233 “
101 2204 176 2281 bris
213 2216 321 2306 atque
352 2204 501 2306 integris
535 2206 597 2306 qui
627 2207 802 2295 rarissimi
829 2207 1056 2310 reperieban-
1115 2303 1118 2312 ¹

103 2325 163 2395 tur
187 2318 337 2417 ducibus
367 2319 415 2409 ιιι,
448 2318 545 2420 qnod
570 2320 746 2424 abinitio
777 2322 950 2423 scriptum
980 2322 1055 2399 sue·
1090 2329 1092 2332 ’

32 2422 35 2433 ⁴
104 2444 174 2524 rat,
201 2460 349 2528 comeo
368 2428 744 2534 quodabhominibus
768 2434 883 2512 doctis
901 2445 979 2511 erat
999 2460 1056 2511 re»
1097 2533 1100 2540 .
1180 2477 1183 2481 ·

104 2548 235 2649 lictum,
260 2547 420 2625 conferre
438 2558 597 2649 possent.
622 2548 673 2623 ita
696 2549 790 2623 enim
814 2560 852 2625 et
878 2575 955 2629 nos,
977 2549 1054 2649 qui—
1071 2567 1109 2623 ao

104 2653 254 2761 busdam
277 2652 367 2736 locis
392 2662 615 2737 meminimus
638 2661 715 2737 ιιιιιι
740 2663 883 2737 demum
907 2662 954 2737 dc
971 2673 1058 2741 vera
1097 2696 1100 2701 ·

106 2776 264 2849 oratione
288 2774 459 2849 dubitare
475 2776 651 2877 coepisse,
677 2801 757 2851 curn
773 2768 994 2853 Puteaneum
1018 2787 1057 2853 et

105 2886 405 2990 Bambergensem
436 2898 518 2963 ante
553 2888 678 2965 oculos
701 2889 928 2967 habebamus.
954 2887 1056 2992 Quid

105 3002 233 3078 multa?
260 3000 352 3077 Cum
376 3000 453 3077 aliis
473 3000 565 3077 ‘locis
591 3002 636 3075 ab
667 3002 893 3102 elegantioris
924 3002 1056 3080 doctri·

104 3140 169 3191 nae
191 3114 399 3193 hominibus
422 3116 606 3221 provisum
640 3139 877 3214 cerneremus,
907 3116 985 3192 aliia
1009 3118 1053 3193 ab
1070 3129 1106 3192 ιι
1134 3117 1136 3121 ’

107 3230 156 3306 eis
182 3229 245 3332 qui
270 3222 496 3330 antiquorum
519 3237 763 3339 temporum
753 3239 979 3316 uenustatern
1003 3241 1055 3307 at-
1146 3241 1155 3266 s

48 3442 51 3452 Ι
94 3370 176 3443 .que
201 3338 411 3447 elegantiam
440 3368 487 3417 ne
512 3326 728 3455 primoribus
757 3342 901 3444 quidem
931 3353 973 3419 ιιι
1002 3344 1055 3421 di·

105 3466 193 3540 cunt
175 3450 329 3540 tlabris
362 3465 527 3559 gustasse
557 3450 779 3548 viderentur,
814 3457 904 3533 haec
933 3466 1055 3537 tamen

110 3568 364 3674 propemodum
387 3571 504 3646 omnia
527 3596 644 3671 usque
668 3569 715 3645 ad
745 3578 869 3648 nostra
892 3580 1054 3673 tempora

67 3732 69 3737 -
103 3692 288 3786 ¹tamquam
303 3682 408 3759 unice
423 3710 541 3761 veram
557 3677 952 3788 Livianamporationem
968 3678 1052 3761 ferri
1069 3709 1106 3767 ιο

110 3796 323 3877 rideremus:
352 3796 500 3899 primam
531 3797 617 3876 artis
650 3798 794 3877 criticae
829 3800 935 3876 nobis
971 3822 1052 3874 ease
