2667 4717
771 345 843 397 rxrr

194 475 211 497 Ἰ
330 502 408 575 triu
431 494 550 571 millio
573 491 802 591 septingenti
826 483 1073 578 decernllll.
1101 490 1165 578 37,
1184 488 1225 563 2³
1241 488 1298 562 od·

315 614 413 688 nica
432 593 597 711 pedr‘Ium
621 605 755 679 civium
778 605 854 678 trio
871 600 1039 677 milium.-
1067 600 1116 677 ai.
1142 647 1197 659 --
1220 602 1297 677 Nou

231 724 234 734 ’
330 729 449 801 miuus
473 748 582 823 saepe
605 717 746 793 litterae
771 742 796 790 u
821 728 859 791 et
879 745 905 793 a
926 716 971 791 ab
997 716 1175 817 antiquis
1192 716 1295 792 libra·

177 908 184 931 ,
327 842 393 917 riis
418 840 585 914 contusae
610 843 710 908 sunt:
741 858 810 931 qua
835 858 875 907 re
899 833 958 921 30,
982 831 1061 921 32,
1089 830 1159 906 ubi
1183 830 1222 951 {a
1244 828 1293 903 Bb

172 1050 175 1055 y
295 963 508 1056 orepcrtum
540 957 597 1025 est
614 928 799 1048 praeiita,
829 944 868 1019 in
898 943 947 1025 Pa
964 946 1169 1047 prescire,
1201 943 1292 1019 dubi-

199 1136 203 1147 „
328 1064 473 1143 tandum
511 1063 655 1138 videtur
687 1085 774 1135 num
805 1070 998 1160 utrumque
1035 1061 1221 1161 scripturn
1249 1058 1290 1133 sit

272 1180 282 1211 ⁸
316 1208 394 1285 pro
412 1179 576 1281 proicite
599 1174 635 1247 h.
662 1200 693 1247 a
711 1200 786 1276 pro
815 1174 929 1254 insite
953 1175 1100 1249 animis
1119 1169 1287 1275 perfidia

425 1294 460 1365 ἓ.
509 1290 756 1365 Commutatae
780 1296 866 1363 sunt
896 1288 1003 1365 etiam
1023 1286 1194 1366 ‘vocales
1218 1312 1284 1361 curu

329 1404 617 1495 consonantibus,
641 1412 833 1477 utacum
858 1426 898 1475 c:
921 1426 974 1477 en
999 1415 1057 1504 gr.
1086 1406 1151 1493 30,
1176 1403 1233 1477 29.
1253 1401 1284 1473 in

276 1521 360 1597 roP
384 1548 429 1595 eo
452 1521 572 1592 ierunt
596 1517 769 1617 scriptum
793 1524 851 1590 est
880 1540 946 1618 pro
976 1517 1167 1604 coierunt,
1198 1511 1281 1613 quod

327 1636 365 1709 in
390 1633 456 1723 Bb,
479 1627 670 1730 utrumque
696 1639 817 1704 autem
838 1656 906 1730 pro
924 1629 1040 1715 coire,
1068 1656 1156 1705 cum
1172 1629 1210 1705 id
1225 1652 1279 1727 pro

242 1738 248 1749 ’
328 1749 443 1823 coiert
474 1745 647 1847 scriptum
677 1742 878 1817 haberetur.
933 1742 1053 1820 Simili
1080 1752 1204 1819 errato
1231 1743 1278 1828 30,

131 1855 133 1865 ’
251 1848 284 1879 ”
329 1864 385 1935 12.
417 1858 498 1935 curu
526 1858 565 1932 in
591 1856 628 1941 ,P
652 1856 710 1932 Bb
734 1856 767 1931 L
794 1882 1038 1959 praegressus
1064 1855 1215 1933 Cirtam
1240 1879 1275 1927 eo

326 1976 456 2051 uocari
489 1970 543 2045 ad
576 1970 805 2073 conloquium
836 1970 1029 2069 princepae
1062 1968 1274 2045 Cirtensium

143 2184 146 2194 Ι
193 2168 228 2187 ..
274 2089 426 2191 rohiubet
449 2084 620 2184 scriptum
651 2092 760 2173 esset,
783 2082 1009 2157 recentiores
1043 2098 1180 2159 verum·
1204 2104 1273 2155 esse

215 2190 262 2282 Ψ,
325 2200 476 2275 enecari
505 2195 814 2286 volucrunt,·non
849 2204 1077 2296 reputantes,
1107 2222 1188 2273 nee
1206 2191 1270 2267 fieri

189 2377 193 2382 ,
227 2308 257 2390 ſs
325 2302 487 2415 potuisse
504 2318 545 2383 ut
562 2307 779 2383 Cirtensium
795 2307 976 2408 principes
993 2312 1271 2413 appropinquari·
1310 2403 1311 2408 Ἰ

206 2474 209 2481 ·
325 2425 422 2502 tibus
462 2423 632 2499 hostibus
665 2420 811 2495 desides
844 2420 941 2495 dorni
973 2422 1163 2515 sederent,
1200 2444 1266 2495 cunr

325 2539 450 2615 urbem
466 2618 469 2627 ¹
488 2545 620 2636 quauta
653 2534 805 2610 maxima
832 2535 870 2610 vi
907 2534 1102 2616 defendere
1139 2534 1267 2613 statuis·

25 2642 26 2647 *
125 2740 149 2753 ,.
273 2660 424 2729 assent:
449 2674 517 2723 nec
548 2648 713 2749 potuisse
743 2655 785 2723 ut
814 2646 860 2720 ad
892 2649 1171 2750 colloquendum
1199 2669 1266 2721 curu

324 2763 519 2843 Masinissa
542 2761 640 2837 ‘urbe
672 2760 942 2863 egrederentur,
971 2788 1019 2838 ue
1049 2765 1089 2839 in
1121 2761 1263 2864 hostiurn

180 2874 185 2878 ’
323 2885 503 2981 potestate
529 2884 661 2951 essent
687 2901 767 2949 cum
791 2874 842 2950 illi
871 2876 980 2977 igitur
1003 2877 1121 2978 portis
1146 2872 1261 2952 clausis

265 3028 272 3041 =
325 3003 363 3070 et
385 2993 424 3066 in
447 3015 549 3065 muro
568 2999 606 3068 et
628 2990 666 3063 iu
691 3013 759 3065 suo
785 2990 938 3091 quisquc
954 2989 1035 3067 loco
1050 3002 1093 3066 ut
1108 2981 1177 3093 ipsi
1192 2985 1260 3064 suo'

257 3175 261 3181 .
323 3120 486 3183 rum'res
510 3103 688 3205 inspicere
712 3102 922 3207 animosque
946 3101 992 3177 ad
1022 3104 1190 3196 yirtutem
1218 3102 1260 3174 ir
1309 3093 1310 3114 ²

272 3243 306 3301 aa
324 3220 501 3295 flammare
529 3220 696 3319 possent,
727 3215 840 3293 fuisse
870 3217 1075 3305 videantur,
1107 3218 1145 3293 id
1174 3208 1258 3316 quod
1309 3223 1310 3226 ’

322 3334 381 3413 vel
411 3360 455 3407 ex
484 3357 527 3407 eo
559 3330 688 3406 coniici
718 3328 841 3420 debet,
880 3321 978 3431 quod
1009 3342 1136 3432 postea
1165 3330 1256 3405 etiam

322 3447 539 3525 Masinissae
563 3444 752 3519 videbatur
774 3469 926 3519 necesse
949 3470 1036 3538 non¹
1052 3443 1159 3520 modo
1186 3463 1256 3542 por·
1308 3509 1309 3524 ,

216 3649 218 3655 s
312 3548 379 3635 ¹tas
410 3558 476 3635 scd
507 3557 614 3633 etiam
644 3566 845 3658 opportuna
874 3558 1053 3633 moenium
1082 3549 1252 3662 praesidiis

322 3672 468 3748 firmari:
492 3676 566 3749 non
589 3673 741 3747 auocari
765 3671 830 3749 sed
860 3675 1059 3764 conuocari
1079 3664 1253 3761 restimenss
1308 3701 1310 3708 >

270 3814 307 3871 30
324 3783 421 3861 dum.
434 3793 500 3876 est,
526 3783 624 3885 quod
646 3773 723 3859 turn
744 3782 886 3861 demum
910 3812 982 3864 uno
1005 3786 1158 3862 omnium
1179 3800 1250 3854 con·

322 3898 402 3976 sitio
425 3923 485 3975 res
510 3896 568 4000 agi
591 3898 755 3998 potuisse
778 3898 928 3979 videtur.
953 3900 1007 3977 sie
1030 3901 1134 3978 etiam
1156 3896 1207 3981 98,
1221 3889 1247 3959 3·
1307 3919 1308 3964 t

1307 4045 1309 4104 i

1307 4117 1309 4166 t
