<?xml version="1.0" encoding="UTF-8"?>
<!DOCTYPE html PUBLIC "-//W3C//DTD XHTML 1.0 Transitional//EN"
    "http://www.w3.org/TR/xhtml1/DTD/xhtml1-transitional.dtd">
<html xmlns="http://www.w3.org/1999/xhtml" xml:lang="en" lang="en">
 <head>
  <title>
</title>
<meta http-equiv="Content-Type" content="text/html;charset=utf-8" />
  <meta name='ocr-system' content='tesseract 3.04.00' />
  <meta name='ocr-capabilities' content='ocr_page ocr_carea ocr_par ocr_line ocrx_word'/>
</head>
<body>
  <div class='ocr_page' id='page_1' title='image "./titiliviaburbec00alscgoog_0015.png"; bbox 0 0 2667 4717; ppageno 0'>
   <div class='ocr_carea' id='block_1_1' title="bbox 639 336 847 400">
    <p class='ocr_par' dir='ltr' id='par_1_1' title="bbox 639 336 847 400">
     <span class='ocr_line' id='line_1_1' title="bbox 639 336 847 400; baseline 0.005 0"><span class='ocrx_word' id='word_1_1' title='bbox 639 336 847 400; x_wconf 61' lang='grc' dir='ltr'><strong>,Μ’</strong></span> 
     </span>
    </p>
   </div>
   <div class='ocr_carea' id='block_1_2' title="bbox 220 482 1323 1163">
    <p class='ocr_par' dir='ltr' id='par_1_2' title="bbox 220 482 1323 1163">
     <span class='ocr_line' id='line_1_2' title="bbox 220 482 1184 589; baseline 0.006 -30"><span class='ocrx_word' id='word_1_2' title='bbox 220 484 372 589; x_wconf 75' lang='lat' dir='ltr'><strong>legisse</strong></span> <span class='ocrx_word' id='word_1_3' title='bbox 392 482 591 565; x_wconf 61' lang='lat' dir='ltr'><strong>rideamus</strong></span> <span class='ocrx_word' id='word_1_4' title='bbox 617 496 695 578; x_wconf 85' lang='lat' dir='ltr'><strong>tum</strong></span> <span class='ocrx_word' id='word_1_5' title='bbox 717 485 857 583; x_wconf 90' lang='lat' dir='ltr'><strong>demum</strong></span> <span class='ocrx_word' id='word_1_6' title='bbox 878 486 1074 583; x_wconf 86' lang='lat' dir='ltr'><strong>intelligere</strong></span> <span class='ocrx_word' id='word_1_7' title='bbox 1098 490 1184 583; x_wconf 82' lang='lat' dir='ltr'><strong>milri</strong></span> 
     </span>
     <span class='ocr_line' id='line_1_3' title="bbox 238 595 1279 701; baseline 0.004 -26"><span class='ocrx_word' id='word_1_8' title='bbox 238 599 392 693; x_wconf 76' lang='lat' dir='ltr'><strong>videbar,</strong></span> <span class='ocrx_word' id='word_1_9' title='bbox 416 627 490 676; x_wconf 90' lang='lat' dir='ltr'><strong>non</strong></span> <span class='ocrx_word' id='word_1_10' title='bbox 513 600 619 695; x_wconf 91' lang='lat' dir='ltr'><strong>modo</strong></span> <span class='ocrx_word' id='word_1_11' title='bbox 650 595 782 700; x_wconf 85' lang='lat' dir='ltr'><strong>quanta</strong></span> <span class='ocrx_word' id='word_1_12' title='bbox 810 605 1026 701; x_wconf 81' lang='lat' dir='ltr'><strong>praestantia</strong></span> <span class='ocrx_word' id='word_1_13' title='bbox 1050 602 1123 677; x_wconf 79' lang='lat' dir='ltr'><strong>liic</strong></span> <span class='ocrx_word' id='word_1_14' title='bbox 1143 604 1185 679; x_wconf 91' lang='lat' dir='ltr'><strong>li·</strong></span> <span class='ocrx_word' id='word_1_15' title='bbox 1276 645 1279 649; x_wconf 93' lang='lat'>·</span> 
     </span>
     <span class='ocr_line' id='line_1_4' title="bbox 239 714 1225 818; baseline 0.006 -31"><span class='ocrx_word' id='word_1_16' title='bbox 239 714 303 789; x_wconf 90' lang='lat' dir='ltr'><strong>ber</strong></span> <span class='ocrx_word' id='word_1_17' title='bbox 326 714 599 818; x_wconf 81' lang='lat' dir='ltr'><strong>Bambergensis</strong></span> <span class='ocrx_word' id='word_1_18' title='bbox 624 723 725 789; x_wconf 85' lang='lat' dir='ltr'><strong>essct</strong></span> <span class='ocrx_word' id='word_1_19' title='bbox 754 724 907 815; x_wconf 80' lang='lat' dir='ltr'><strong>atquae</strong></span> <span class='ocrx_word' id='word_1_20' title='bbox 936 715 1100 792; x_wconf 87' lang='lat' dir='ltr'><strong>habenda</strong></span> <span class='ocrx_word' id='word_1_21' title='bbox 1131 744 1186 793; x_wconf 89' lang='lat' dir='ltr'><strong>es·</strong></span> <span class='ocrx_word' id='word_1_22' title='bbox 1219 770 1225 777; x_wconf 80' lang='grc'>-</span> 
     </span>
     <span class='ocr_line' id='line_1_5' title="bbox 239 828 1284 930; baseline 0.003 -27"><span class='ocrx_word' id='word_1_23' title='bbox 239 838 296 903; x_wconf 88' lang='lat' dir='ltr'><strong>set</strong></span> <span class='ocrx_word' id='word_1_24' title='bbox 327 856 410 905; x_wconf 85' lang='lat' dir='ltr'><strong>vera</strong></span> <span class='ocrx_word' id='word_1_25' title='bbox 428 831 555 917; x_wconf 76' lang='lat' dir='ltr'><strong>,oratio</strong></span> <span class='ocrx_word' id='word_1_26' title='bbox 585 828 734 903; x_wconf 87' lang='lat' dir='ltr'><strong>Liviana</strong></span> <span class='ocrx_word' id='word_1_27' title='bbox 764 830 977 930; x_wconf 88' lang='lat' dir='ltr'><strong>propriaque</strong></span> <span class='ocrx_word' id='word_1_28' title='bbox 1006 830 1187 928; x_wconf 86' lang='lat' dir='ltr'><strong>scribendi</strong></span> <span class='ocrx_word' id='word_1_29' title='bbox 1282 857 1284 860; x_wconf 87' lang='lat'>·</span> 
     </span>
     <span class='ocr_line' id='line_1_6' title="bbox 238 941 1237 1046; baseline 0 -31"><span class='ocrx_word' id='word_1_30' title='bbox 238 941 347 1029; x_wconf 87' lang='lat' dir='ltr'><strong>ratio:</strong></span> <span class='ocrx_word' id='word_1_31' title='bbox 372 942 436 1023; x_wconf 86' lang='lat' dir='ltr'><strong>sed</strong></span> <span class='ocrx_word' id='word_1_32' title='bbox 462 971 533 1046; x_wconf 91' lang='lat' dir='ltr'><strong>quo</strong></span> <span class='ocrx_word' id='word_1_33' title='bbox 558 943 595 1017; x_wconf 94' lang='lat' dir='ltr'><strong>id</strong></span> <span class='ocrx_word' id='word_1_34' title='bbox 619 941 862 1043; x_wconf 88' lang='lat' dir='ltr'><strong>peccatofieri</strong></span> <span class='ocrx_word' id='word_1_35' title='bbox 877 944 1066 1042; x_wconf 71' lang='lat' dir='ltr'><strong>potuisset,</strong></span> <span class='ocrx_word' id='word_1_36' title='bbox 1090 945 1186 1020; x_wconf 87' lang='lat' dir='ltr'><strong>utin</strong></span> <span class='ocrx_word' id='word_1_37' title='bbox 1219 962 1237 1015; x_wconf 85' lang='lat'>5</span> 
     </span>
     <span class='ocr_line' id='line_1_7' title="bbox 238 1051 1323 1163; baseline 0.006 -34"><span class='ocrx_word' id='word_1_38' title='bbox 238 1051 442 1133; x_wconf 87' lang='lat' dir='ltr'><strong>melioribus</strong></span> <span class='ocrx_word' id='word_1_39' title='bbox 462 1056 567 1153; x_wconf 87' lang='lat' dir='ltr'><strong>etiam</strong></span> <span class='ocrx_word' id='word_1_40' title='bbox 587 1056 686 1132; x_wconf 90' lang='lat' dir='ltr'><strong>libris</strong></span> <span class='ocrx_word' id='word_1_41' title='bbox 704 1081 812 1130; x_wconf 94' lang='lat' dir='ltr'><strong>manu</strong></span> <span class='ocrx_word' id='word_1_42' title='bbox 830 1056 974 1157; x_wconf 89' lang='lat' dir='ltr'><strong>scriptis</strong></span> <span class='ocrx_word' id='word_1_43' title='bbox 993 1057 1088 1131; x_wconf 90' lang='lat' dir='ltr'><strong>haud</strong></span> <span class='ocrx_word' id='word_1_44' title='bbox 1105 1086 1205 1158; x_wconf 83' lang='lat' dir='ltr'><strong>raro¹</strong></span> <span class='ocrx_word' id='word_1_45' title='bbox 1286 1079 1292 1087; x_wconf 86' lang='lat'><strong><em>‘</em></strong></span> <span class='ocrx_word' id='word_1_46' title='bbox 1320 1152 1323 1163; x_wconf 31' lang='grc' dir='ltr'>Ι</span> 
     </span>
    </p>
   </div>
   <div class='ocr_carea' id='block_1_3' title="bbox 129 1169 1187 1272">
    <p class='ocr_par' dir='ltr' id='par_1_3' title="bbox 129 1169 1187 1272">
     <span class='ocr_line' id='line_1_8' title="bbox 129 1169 1187 1272; baseline 0.003 -27"><span class='ocrx_word' id='word_1_47' title='bbox 129 1220 156 1255; x_wconf 74' lang='grc'><strong>,-</strong></span> <span class='ocrx_word' id='word_1_48' title='bbox 179 1236 207 1272; x_wconf 25' lang='grc' dir='ltr'><strong>Ι,</strong></span> <span class='ocrx_word' id='word_1_49' title='bbox 239 1169 351 1245; x_wconf 87' lang='lat' dir='ltr'><strong>oratio</strong></span> <span class='ocrx_word' id='word_1_50' title='bbox 375 1173 426 1245; x_wconf 32' lang='lat' dir='ltr'><strong>ab*</strong></span> <span class='ocrx_word' id='word_1_51' title='bbox 444 1182 544 1247; x_wconf 86' lang='lat' dir='ltr'><strong>recto</strong></span> <span class='ocrx_word' id='word_1_52' title='bbox 569 1171 757 1247; x_wconf 84' lang='lat' dir='ltr'><strong>aberraret</strong></span> <span class='ocrx_word' id='word_1_53' title='bbox 783 1194 862 1244; x_wconf 92' lang='lat' dir='ltr'><strong>cum</strong></span> <span class='ocrx_word' id='word_1_54' title='bbox 889 1170 982 1243; x_wconf 91' lang='lat' dir='ltr'><strong>enim</strong></span> <span class='ocrx_word' id='word_1_55' title='bbox 1005 1170 1100 1247; x_wconf 89' lang='lat' dir='ltr'><strong>illius</strong></span> <span class='ocrx_word' id='word_1_56' title='bbox 1116 1172 1187 1247; x_wconf 90' lang='lat' dir='ltr'><strong>Pu-</strong></span> 
     </span>
    </p>
   </div>
   <div class='ocr_carea' id='block_1_4' title="bbox 237 1271 1269 1501">
    <p class='ocr_par' dir='ltr' id='par_1_4' title="bbox 237 1271 1269 1501">
     <span class='ocr_line' id='line_1_9' title="bbox 237 1271 1269 1392; baseline 0.006 -35"><span class='ocrx_word' id='word_1_57' title='bbox 237 1276 355 1357; x_wconf 86' lang='lat' dir='ltr'><strong>teanei</strong></span> <span class='ocrx_word' id='word_1_58' title='bbox 378 1283 552 1375; x_wconf 86' lang='lat' dir='ltr'><strong>librarius,</strong></span> <span class='ocrx_word' id='word_1_59' title='bbox 572 1277 786 1385; x_wconf 89' lang='lat' dir='ltr'><strong>quamquam</strong></span> <span class='ocrx_word' id='word_1_60' title='bbox 806 1281 938 1384; x_wconf 88' lang='lat' dir='ltr'><strong>alioqui</strong></span> <span class='ocrx_word' id='word_1_61' title='bbox 961 1271 1188 1392; x_wconf 77' lang='lat' dir='ltr'><strong>diligentissi·</strong></span> <span class='ocrx_word' id='word_1_62' title='bbox 1267 1311 1269 1317; x_wconf 57' lang='lat'><strong><em>⁴</em></strong></span> 
     </span>
     <span class='ocr_line' id='line_1_10' title="bbox 237 1391 1230 1501; baseline 0.006 -31"><span class='ocrx_word' id='word_1_63' title='bbox 237 1422 328 1487; x_wconf 87' lang='lat' dir='ltr'><strong>mus,</strong></span> <span class='ocrx_word' id='word_1_64' title='bbox 352 1391 529 1474; x_wconf 86' lang='lat' dir='ltr'><strong>interdum</strong></span> <span class='ocrx_word' id='word_1_65' title='bbox 554 1408 743 1501; x_wconf 80' lang='lat' dir='ltr'><strong>peccasset</strong></span> <span class='ocrx_word' id='word_1_66' title='bbox 763 1397 858 1472; x_wconf 86' lang='lat' dir='ltr'><strong>inter</strong></span> <span class='ocrx_word' id='word_1_67' title='bbox 881 1398 1107 1474; x_wconf 88' lang='lat' dir='ltr'><strong>scribendum</strong></span> <span class='ocrx_word' id='word_1_68' title='bbox 1126 1410 1188 1476; x_wconf 91' lang='lat' dir='ltr'><strong>aut</strong></span> <span class='ocrx_word' id='word_1_69' title='bbox 1225 1403 1230 1455; x_wconf 77' lang='grc' dir='ltr'><em>ἶ</em></span> 
     </span>
    </p>
   </div>
   <div class='ocr_carea' id='block_1_5' title="bbox 101 1509 1240 1610">
    <p class='ocr_par' dir='ltr' id='par_1_5' title="bbox 101 1509 1240 1610">
     <span class='ocr_line' id='line_1_11' title="bbox 101 1509 1240 1610; baseline -0.003 -25"><span class='ocrx_word' id='word_1_70' title='bbox 101 1556 105 1561; x_wconf 90' lang='lat'>·</span> <span class='ocrx_word' id='word_1_71' title='bbox 238 1509 395 1610; x_wconf 81' lang='lat' dir='ltr'><strong>singulas</strong></span> <span class='ocrx_word' id='word_1_72' title='bbox 426 1511 563 1587; x_wconf 79' lang='lat' dir='ltr'><strong>litteras</strong></span> <span class='ocrx_word' id='word_1_73' title='bbox 598 1510 796 1607; x_wconf 84' lang='lat' dir='ltr'><strong>omittendo</strong></span> <span class='ocrx_word' id='word_1_74' title='bbox 832 1511 893 1586; x_wconf 84' lang='lat' dir='ltr'><strong>aut</strong></span> <span class='ocrx_word' id='word_1_75' title='bbox 930 1512 1063 1587; x_wconf 86' lang='lat' dir='ltr'><strong>similes</strong></span> <span class='ocrx_word' id='word_1_76' title='bbox 1100 1513 1186 1590; x_wconf 89' lang='lat' dir='ltr'><strong>alias</strong></span> <span class='ocrx_word' id='word_1_77' title='bbox 1206 1528 1240 1583; x_wconf 75' lang='lat' dir='ltr'><strong>to</strong></span> 
     </span>
    </p>
   </div>
   <div class='ocr_carea' id='block_1_6' title="bbox 211 1619 1188 1727">
    <p class='ocr_par' dir='ltr' id='par_1_6' title="bbox 211 1619 1188 1727">
     <span class='ocr_line' id='line_1_12' title="bbox 211 1619 1188 1727; baseline -0.008 -29"><span class='ocrx_word' id='word_1_78' title='bbox 211 1619 218 1718; x_wconf 65' lang='grc'><strong>,’</strong></span> <span class='ocrx_word' id='word_1_79' title='bbox 237 1649 304 1724; x_wconf 93' lang='lat' dir='ltr'><strong>pro</strong></span> <span class='ocrx_word' id='word_1_80' title='bbox 329 1624 432 1701; x_wconf 89' lang='lat' dir='ltr'><strong>iustis</strong></span> <span class='ocrx_word' id='word_1_81' title='bbox 458 1626 657 1716; x_wconf 88' lang='lat' dir='ltr'><strong>scribendo,</strong></span> <span class='ocrx_word' id='word_1_82' title='bbox 683 1623 812 1702; x_wconf 88' lang='lat' dir='ltr'><strong>deinde</strong></span> <span class='ocrx_word' id='word_1_83' title='bbox 835 1624 894 1701; x_wconf 84' lang='lat' dir='ltr'><strong>rel</strong></span> <span class='ocrx_word' id='word_1_84' title='bbox 914 1625 993 1727; x_wconf 88' lang='lat' dir='ltr'><strong>ipse</strong></span> <span class='ocrx_word' id='word_1_85' title='bbox 1015 1625 1078 1726; x_wconf 90' lang='lat' dir='ltr'><strong>qui</strong></span> <span class='ocrx_word' id='word_1_86' title='bbox 1102 1629 1188 1703; x_wconf 88' lang='lat' dir='ltr'><strong>scri.</strong></span> 
     </span>
    </p>
   </div>
   <div class='ocr_carea' id='block_1_7' title="bbox 116 1733 1315 1843">
    <p class='ocr_par' dir='ltr' id='par_1_7' title="bbox 116 1733 1315 1843">
     <span class='ocr_line' id='line_1_13' title="bbox 116 1733 1315 1843; baseline -0.002 -30"><span class='ocrx_word' id='word_1_87' title='bbox 116 1828 123 1843; x_wconf 20' lang='grc' dir='ltr'>ἱ</span> <span class='ocrx_word' id='word_1_88' title='bbox 238 1748 361 1837; x_wconf 88' lang='lat' dir='ltr'><strong>pserat</strong></span> <span class='ocrx_word' id='word_1_89' title='bbox 388 1737 446 1815; x_wconf 87' lang='lat' dir='ltr'><strong>vel</strong></span> <span class='ocrx_word' id='word_1_90' title='bbox 477 1738 566 1813; x_wconf 90' lang='lat' dir='ltr'><strong>alter</strong></span> <span class='ocrx_word' id='word_1_91' title='bbox 597 1741 660 1839; x_wconf 92' lang='lat' dir='ltr'><strong>qui</strong></span> <span class='ocrx_word' id='word_1_92' title='bbox 689 1733 901 1815; x_wconf 83' lang='lat' dir='ltr'><strong>correctoris</strong></span> <span class='ocrx_word' id='word_1_93' title='bbox 924 1765 1077 1815; x_wconf 48' lang='lat' dir='ltr'><strong>‘munere</strong></span> <span class='ocrx_word' id='word_1_94' title='bbox 1109 1741 1189 1817; x_wconf 86' lang='lat' dir='ltr'><strong>fun·</strong></span> <span class='ocrx_word' id='word_1_95' title='bbox 1242 1801 1246 1805; x_wconf 24' lang='lat' dir='ltr'><em>ff</em></span> <span class='ocrx_word' id='word_1_96' title='bbox 1311 1802 1315 1811; x_wconf 88' lang='lat'>.</span> 
     </span>
    </p>
   </div>
   <div class='ocr_carea' id='block_1_8' title="bbox 199 1849 1190 2067">
    <p class='ocr_par' dir='ltr' id='par_1_8' title="bbox 199 1849 1190 2067">
     <span class='ocr_line' id='line_1_14' title="bbox 200 1849 1189 1954; baseline 0.01 -35"><span class='ocrx_word' id='word_1_97' title='bbox 200 1908 213 1915; x_wconf 64' lang='grc'><strong>.,</strong></span> <span class='ocrx_word' id='word_1_98' title='bbox 241 1849 407 1948; x_wconf 83' lang='lat' dir='ltr'><strong>gebatur,</strong></span> <span class='ocrx_word' id='word_1_99' title='bbox 438 1850 476 1923; x_wconf 90' lang='lat' dir='ltr'><strong>id</strong></span> <span class='ocrx_word' id='word_1_100' title='bbox 513 1850 614 1949; x_wconf 90' lang='lat' dir='ltr'><strong>quod</strong></span> <span class='ocrx_word' id='word_1_101' title='bbox 646 1877 771 1951; x_wconf 87' lang='lat' dir='ltr'><strong>parum</strong></span> <span class='ocrx_word' id='word_1_102' title='bbox 798 1862 898 1944; x_wconf 84' lang='lat' dir='ltr'><strong>recte</strong></span> <span class='ocrx_word' id='word_1_103' title='bbox 927 1854 1097 1954; x_wconf 81' lang='lat' dir='ltr'><strong>scriptum</strong></span> <span class='ocrx_word' id='word_1_104' title='bbox 1137 1854 1189 1932; x_wconf 88' lang='lat' dir='ltr'><strong>vi-</strong></span> 
     </span>
     <span class='ocr_line' id='line_1_15' title="bbox 199 1952 1190 2067; baseline 0.013 -35"><span class='ocrx_word' id='word_1_105' title='bbox 199 1996 203 2003; x_wconf 45' lang='lat'><em>*</em></span> <span class='ocrx_word' id='word_1_106' title='bbox 227 1958 402 2053; x_wconf 85' lang='lat' dir='ltr'><strong>deretur,</strong></span> <span class='ocrx_word' id='word_1_107' title='bbox 434 1952 661 2037; x_wconf 69' lang='lat' dir='ltr'><strong>emendareti</strong></span> <span class='ocrx_word' id='word_1_108' title='bbox 676 1988 753 2067; x_wconf 79' lang='lat' dir='ltr'><strong>non</strong></span> <span class='ocrx_word' id='word_1_109' title='bbox 780 1988 973 2064; x_wconf 87' lang='lat' dir='ltr'><strong>numquam</strong></span> <span class='ocrx_word' id='word_1_110' title='bbox 997 1966 1125 2043; x_wconf 90' lang='lat' dir='ltr'><strong>accidit</strong></span> <span class='ocrx_word' id='word_1_111' title='bbox 1148 1980 1190 2045; x_wconf 90' lang='lat' dir='ltr'><strong>ut</strong></span> 
     </span>
    </p>
   </div>
   <div class='ocr_carea' id='block_1_9' title="bbox 106 2073 1240 2189">
    <p class='ocr_par' dir='ltr' id='par_1_9' title="bbox 106 2073 1240 2189">
     <span class='ocr_line' id='line_1_16' title="bbox 106 2073 1240 2189; baseline 0.004 -41"><span class='ocrx_word' id='word_1_112' title='bbox 106 2169 117 2189; x_wconf 67' lang='lat'>,</span> <span class='ocrx_word' id='word_1_113' title='bbox 240 2073 316 2182; x_wconf 82' lang='lat' dir='ltr'><strong>alia,</strong></span> <span class='ocrx_word' id='word_1_114' title='bbox 341 2075 380 2149; x_wconf 91' lang='lat' dir='ltr'><strong>in</strong></span> <span class='ocrx_word' id='word_1_115' title='bbox 396 2076 527 2177; x_wconf 88' lang='lat' dir='ltr'><strong>quibus</strong></span> <span class='ocrx_word' id='word_1_116' title='bbox 544 2074 633 2149; x_wconf 92' lang='lat' dir='ltr'><strong>nihil</strong></span> <span class='ocrx_word' id='word_1_117' title='bbox 648 2096 797 2177; x_wconf 86' lang='lat' dir='ltr'><strong>prorsus</strong></span> <span class='ocrx_word' id='word_1_118' title='bbox 824 2086 978 2152; x_wconf 85' lang='lat' dir='ltr'><strong>erratum</strong></span> <span class='ocrx_word' id='word_1_119' title='bbox 1002 2090 1088 2169; x_wconf 76' lang='lat' dir='ltr'><strong>crat,</strong></span> <span class='ocrx_word' id='word_1_120' title='bbox 1112 2097 1240 2157; x_wconf 82' lang='lat' dir='ltr'><strong>mu-15</strong></span> 
     </span>
    </p>
   </div>
   <div class='ocr_carea' id='block_1_10' title="bbox 156 2188 1291 3319">
    <p class='ocr_par' dir='ltr' id='par_1_10' title="bbox 156 2188 1291 3319">
     <span class='ocr_line' id='line_1_17' title="bbox 238 2188 1223 2281; baseline 0.007 -18"><span class='ocrx_word' id='word_1_121' title='bbox 238 2197 409 2281; x_wconf 76' lang='lat' dir='ltr'><strong>tenentur,</strong></span> <span class='ocrx_word' id='word_1_122' title='bbox 434 2189 499 2265; x_wconf 86' lang='lat' dir='ltr'><strong>alia</strong></span> <span class='ocrx_word' id='word_1_123' title='bbox 524 2189 671 2264; x_wconf 89' lang='lat' dir='ltr'><strong>nonita</strong></span> <span class='ocrx_word' id='word_1_124' title='bbox 696 2198 738 2264; x_wconf 88' lang='lat' dir='ltr'><strong>ut</strong></span> <span class='ocrx_word' id='word_1_125' title='bbox 762 2188 939 2265; x_wconf 89' lang='lat' dir='ltr'><strong>debebant</strong></span> <span class='ocrx_word' id='word_1_126' title='bbox 960 2193 1189 2270; x_wconf 82' lang='lat' dir='ltr'><strong>emendarcn·</strong></span> <span class='ocrx_word' id='word_1_127' title='bbox 1220 2243 1223 2254; x_wconf 52' lang='grc' dir='ltr'><strong>ι</strong></span> 
     </span>
     <span class='ocr_line' id='line_1_18' title="bbox 176 2302 1245 2404; baseline 0.007 -29"><span class='ocrx_word' id='word_1_128' title='bbox 176 2310 178 2321; x_wconf 81' lang='lat'><em>&#39;</em></span> <span class='ocrx_word' id='word_1_129' title='bbox 218 2312 311 2383; x_wconf 68' lang='lat' dir='ltr'><strong>tur.</strong></span> <span class='ocrx_word' id='word_1_130' title='bbox 333 2329 378 2377; x_wconf 85' lang='lat' dir='ltr'><strong>ex</strong></span> <span class='ocrx_word' id='word_1_131' title='bbox 401 2302 469 2379; x_wconf 91' lang='lat' dir='ltr'><strong>hac</strong></span> <span class='ocrx_word' id='word_1_132' title='bbox 501 2304 643 2383; x_wconf 85' lang='lat' dir='ltr'><strong>demum</strong></span> <span class='ocrx_word' id='word_1_133' title='bbox 674 2304 911 2404; x_wconf 84' lang='lat' dir='ltr'><strong>antiquissimi</strong></span> <span class='ocrx_word' id='word_1_134' title='bbox 942 2304 1023 2381; x_wconf 84' lang='lat' dir='ltr'><strong>libri</strong></span> <span class='ocrx_word' id='word_1_135' title='bbox 1052 2309 1110 2385; x_wconf 85' lang='lat' dir='ltr'><strong>vel</strong></span> <span class='ocrx_word' id='word_1_136' title='bbox 1142 2306 1189 2383; x_wconf 91' lang='lat' dir='ltr'><strong>si·</strong></span> <span class='ocrx_word' id='word_1_137' title='bbox 1241 2315 1245 2334; x_wconf 76' lang='grc'><strong>“</strong></span> 
     </span>
     <span class='ocr_line' id='line_1_19' title="bbox 197 2415 1263 2522; baseline 0.008 -33"><span class='ocrx_word' id='word_1_138' title='bbox 197 2441 199 2444; x_wconf 89' lang='grc'><em>·</em></span> <span class='ocrx_word' id='word_1_139' title='bbox 239 2415 333 2505; x_wconf 87' lang='lat' dir='ltr'><strong>milis</strong></span> <span class='ocrx_word' id='word_1_140' title='bbox 358 2416 540 2519; x_wconf 88' lang='lat' dir='ltr'><strong>cuiusdam</strong></span> <span class='ocrx_word' id='word_1_141' title='bbox 566 2415 803 2495; x_wconf 86' lang='lat' dir='ltr'><strong>emendatrice</strong></span> <span class='ocrx_word' id='word_1_142' title='bbox 828 2416 931 2517; x_wconf 92' lang='lat' dir='ltr'><strong>quasi</strong></span> <span class='ocrx_word' id='word_1_143' title='bbox 946 2422 1188 2522; x_wconf 81' lang='lat' dir='ltr'><strong>recognitione</strong></span> <span class='ocrx_word' id='word_1_144' title='bbox 1259 2462 1263 2468; x_wconf 88' lang='lat'><em>·</em></span> 
     </span>
     <span class='ocr_line' id='line_1_20' title="bbox 240 2529 1190 2633; baseline 0.008 -28"><span class='ocrx_word' id='word_1_145' title='bbox 240 2530 391 2631; x_wconf 82' lang='lat' dir='ltr'><strong>proiecti</strong></span> <span class='ocrx_word' id='word_1_146' title='bbox 415 2539 501 2633; x_wconf 88' lang='lat' dir='ltr'><strong>sunt</strong></span> <span class='ocrx_word' id='word_1_147' title='bbox 524 2540 562 2608; x_wconf 86' lang='lat' dir='ltr'><strong>et</strong></span> <span class='ocrx_word' id='word_1_148' title='bbox 584 2529 865 2633; x_wconf 80' lang='lat' dir='ltr'><strong>Bambergensis</strong></span> <span class='ocrx_word' id='word_1_149' title='bbox 886 2541 924 2606; x_wconf 88' lang='lat' dir='ltr'><strong>et</strong></span> <span class='ocrx_word' id='word_1_150' title='bbox 938 2530 1190 2614; x_wconf 74' lang='lat' dir='ltr'><strong>Mediceuset</strong></span> 
     </span>
     <span class='ocr_line' id='line_1_21' title="bbox 202 2634 1242 2751; baseline 0.014 -40"><span class='ocrx_word' id='word_1_151' title='bbox 202 2704 204 2711; x_wconf 91' lang='lat'>.</span> <span class='ocrx_word' id='word_1_152' title='bbox 240 2643 273 2719; x_wconf 87' lang='lat' dir='ltr'><strong>si</strong></span> <span class='ocrx_word' id='word_1_153' title='bbox 298 2643 361 2743; x_wconf 88' lang='lat' dir='ltr'><strong>qui</strong></span> <span class='ocrx_word' id='word_1_154' title='bbox 385 2642 443 2719; x_wconf 85' lang='lat' dir='ltr'><strong>alii</strong></span> <span class='ocrx_word' id='word_1_155' title='bbox 473 2634 556 2719; x_wconf 88' lang='lat' dir='ltr'><strong>libri</strong></span> <span class='ocrx_word' id='word_1_156' title='bbox 578 2642 743 2724; x_wconf 83' lang='lat' dir='ltr'><strong>meliores</strong></span> <span class='ocrx_word' id='word_1_157' title='bbox 774 2645 842 2744; x_wconf 88' lang='lat' dir='ltr'><strong>qui</strong></span> <span class='ocrx_word' id='word_1_158' title='bbox 865 2643 1062 2723; x_wconf 86' lang='lat' dir='ltr'><strong>habeantur</strong></span> <span class='ocrx_word' id='word_1_159' title='bbox 1091 2650 1189 2751; x_wconf 84' lang='lat' dir='ltr'><strong>digni</strong></span> <span class='ocrx_word' id='word_1_160' title='bbox 1205 2666 1242 2726; x_wconf 70' lang='lat'><strong>20</strong></span> 
     </span>
     <span class='ocr_line' id='line_1_22' title="bbox 240 2757 1191 2860; baseline 0.006 -27"><span class='ocrx_word' id='word_1_161' title='bbox 240 2766 335 2849; x_wconf 82' lang='lat' dir='ltr'><strong>sunt,</strong></span> <span class='ocrx_word' id='word_1_162' title='bbox 360 2781 510 2859; x_wconf 86' lang='lat' dir='ltr'><strong>quorum</strong></span> <span class='ocrx_word' id='word_1_163' title='bbox 526 2757 687 2860; x_wconf 78' lang='lat' dir='ltr'><strong>graviora</strong></span> <span class='ocrx_word' id='word_1_164' title='bbox 702 2758 831 2833; x_wconf 88' lang='lat' dir='ltr'><strong>menda</strong></span> <span class='ocrx_word' id='word_1_165' title='bbox 852 2758 947 2840; x_wconf 84' lang='lat' dir='ltr'><strong>unde</strong></span> <span class='ocrx_word' id='word_1_166' title='bbox 963 2771 1041 2837; x_wconf 85' lang='lat' dir='ltr'><strong>orta</strong></span> <span class='ocrx_word' id='word_1_167' title='bbox 1057 2775 1191 2855; x_wconf 77' lang='lat' dir='ltr'><strong>essent,</strong></span> 
     </span>
     <span class='ocr_line' id='line_1_23' title="bbox 239 2870 1249 2978; baseline 0.009 -31"><span class='ocrx_word' id='word_1_168' title='bbox 239 2870 300 2947; x_wconf 86' lang='lat' dir='ltr'><strong>rix</strong></span> <span class='ocrx_word' id='word_1_169' title='bbox 322 2870 502 2947; x_wconf 76' lang='lat' dir='ltr'><strong>ullo&#39;loco</strong></span> <span class='ocrx_word' id='word_1_170' title='bbox 523 2896 588 2972; x_wconf 92' lang='lat' dir='ltr'><strong>pro</strong></span> <span class='ocrx_word' id='word_1_171' title='bbox 619 2882 802 2973; x_wconf 87' lang='lat' dir='ltr'><strong>comperto</strong></span> <span class='ocrx_word' id='word_1_172' title='bbox 831 2870 1090 2967; x_wconf 74' lang='lat' dir='ltr'><strong>habuissemus,</strong></span> <span class='ocrx_word' id='word_1_173' title='bbox 1118 2878 1191 2978; x_wconf 84' lang='lat' dir='ltr'><strong>nisi</strong></span> <span class='ocrx_word' id='word_1_174' title='bbox 1241 2920 1249 2956; x_wconf 81' lang='grc'><strong>;·</strong></span> 
     </span>
     <span class='ocr_line' id='line_1_24' title="bbox 156 2983 1189 3085; baseline 0.001 -22"><span class='ocrx_word' id='word_1_175' title='bbox 156 3058 179 3065; x_wconf 82' lang='grc'><strong>.,</strong></span> <span class='ocrx_word' id='word_1_176' title='bbox 242 3010 287 3059; x_wconf 83' lang='lat' dir='ltr'><strong>ex</strong></span> <span class='ocrx_word' id='word_1_177' title='bbox 309 2994 382 3059; x_wconf 85' lang='lat' dir='ltr'><strong>tam</strong></span> <span class='ocrx_word' id='word_1_178' title='bbox 406 2983 543 3085; x_wconf 90' lang='lat' dir='ltr'><strong>liquido</strong></span> <span class='ocrx_word' id='word_1_179' title='bbox 566 2983 664 3059; x_wconf 85' lang='lat' dir='ltr'><strong>fonte</strong></span> <span class='ocrx_word' id='word_1_180' title='bbox 681 2985 787 3064; x_wconf 89' lang='lat' dir='ltr'><strong>nobis</strong></span> <span class='ocrx_word' id='word_1_181' title='bbox 805 2984 1035 3064; x_wconf 82' lang='lat' dir='ltr'><strong>hauriendum</strong></span> <span class='ocrx_word' id='word_1_182' title='bbox 1052 2991 1189 3067; x_wconf 75' lang='lat' dir='ltr'><strong>luisset.</strong></span> 
     </span>
     <span class='ocr_line' id='line_1_25' title="bbox 337 3094 1276 3202; baseline 0.005 -25"><span class='ocrx_word' id='word_1_183' title='bbox 337 3096 413 3177; x_wconf 87' lang='lat' dir='ltr'><strong>Sed</strong></span> <span class='ocrx_word' id='word_1_184' title='bbox 438 3124 516 3173; x_wconf 92' lang='lat' dir='ltr'><strong>cum</strong></span> <span class='ocrx_word' id='word_1_185' title='bbox 541 3094 713 3172; x_wconf 88' lang='lat' dir='ltr'><strong>tricesimi</strong></span> <span class='ocrx_word' id='word_1_186' title='bbox 727 3096 932 3200; x_wconf 82' lang='lat' dir='ltr'><strong>libriinillo</strong></span> <span class='ocrx_word' id='word_1_187' title='bbox 943 3102 1189 3202; x_wconf 90' lang='lat' dir='ltr'><strong>antiquissimo</strong></span> <span class='ocrx_word' id='word_1_188' title='bbox 1273 3101 1276 3104; x_wconf 36' lang='lat'>‘</span> 
     </span>
     <span class='ocr_line' id='line_1_26' title="bbox 243 3210 1291 3319; baseline 0.005 -32"><span class='ocrx_word' id='word_1_189' title='bbox 243 3210 366 3287; x_wconf 86' lang='lat' dir='ltr'><strong>codice</strong></span> <span class='ocrx_word' id='word_1_190' title='bbox 382 3211 501 3315; x_wconf 89' lang='lat' dir='ltr'><strong>priora</strong></span> <span class='ocrx_word' id='word_1_191' title='bbox 512 3220 653 3307; x_wconf 70' lang='lat' dir='ltr'><strong>&#39;tantum</strong></span> <span class='ocrx_word' id='word_1_192' title='bbox 665 3210 904 3317; x_wconf 76' lang='lat' dir='ltr'><strong>undetriginta</strong></span> <span class='ocrx_word' id='word_1_193' title='bbox 926 3215 1040 3317; x_wconf 85' lang='lat' dir='ltr'><strong>capito</strong></span> <span class='ocrx_word' id='word_1_194' title='bbox 1053 3218 1188 3319; x_wconf 86' lang='lat' dir='ltr'><strong>reliqua</strong></span> <span class='ocrx_word' id='word_1_195' title='bbox 1206 3238 1242 3295; x_wconf 77' lang='lat' dir='ltr'><strong>as</strong></span> <span class='ocrx_word' id='word_1_196' title='bbox 1288 3291 1291 3292; x_wconf 10' lang='grc' dir='ltr'><em>γ</em></span> 
     </span>
    </p>
   </div>
   <div class='ocr_carea' id='block_1_11' title="bbox 108 3321 1190 3429">
    <p class='ocr_par' dir='ltr' id='par_1_11' title="bbox 108 3321 1190 3429">
     <span class='ocr_line' id='line_1_27' title="bbox 108 3321 1190 3429; baseline 0.007 -30"><span class='ocrx_word' id='word_1_197' title='bbox 108 3346 112 3359; x_wconf 92' lang='grc'><em>·</em></span> <span class='ocrx_word' id='word_1_198' title='bbox 242 3333 430 3429; x_wconf 53' lang='lat' dir='ltr'><strong>essent‚„et</strong></span> <span class='ocrx_word' id='word_1_199' title='bbox 440 3324 612 3407; x_wconf 87' lang='lat' dir='ltr'><strong>tricesimi</strong></span> <span class='ocrx_word' id='word_1_200' title='bbox 624 3324 752 3427; x_wconf 88' lang='lat' dir='ltr'><strong>capitis</strong></span> <span class='ocrx_word' id='word_1_201' title='bbox 768 3327 882 3403; x_wconf 92' lang='lat' dir='ltr'><strong>oratio</strong></span> <span class='ocrx_word' id='word_1_202' title='bbox 898 3321 1071 3429; x_wconf 85' lang='lat' dir='ltr'><strong>usquead</strong></span> <span class='ocrx_word' id='word_1_203' title='bbox 1082 3333 1190 3409; x_wconf 84' lang='lat' dir='ltr'><strong>verba</strong></span> 
     </span>
    </p>
   </div>
   <div class='ocr_carea' id='block_1_12' title="bbox 165 3438 1190 3655">
    <p class='ocr_par' dir='ltr' id='par_1_12' title="bbox 165 3438 1190 3655">
     <span class='ocr_line' id='line_1_28' title="bbox 242 3438 1190 3546; baseline 0.005 -32"><span class='ocrx_word' id='word_1_204' title='bbox 242 3442 370 3530; x_wconf 81' lang='lat' dir='ltr'><strong>consul</strong></span> <span class='ocrx_word' id='word_1_205' title='bbox 391 3450 535 3538; x_wconf 80' lang='lat' dir='ltr'><strong>creatus</strong></span> <span class='ocrx_word' id='word_1_206' title='bbox 559 3454 613 3531; x_wconf 70' lang='lat' dir='ltr'><strong>cu,</strong></span> <span class='ocrx_word' id='word_1_207' title='bbox 638 3438 768 3515; x_wconf 91' lang='lat' dir='ltr'><strong>deinde</strong></span> <span class='ocrx_word' id='word_1_208' title='bbox 800 3442 1069 3542; x_wconf 78' lang='lat' dir='ltr'><strong>exposterinre</strong></span> <span class='ocrx_word' id='word_1_209' title='bbox 1088 3456 1190 3546; x_wconf 85' lang='lat' dir='ltr'><strong>parte</strong></span> 
     </span>
     <span class='ocr_line' id='line_1_29' title="bbox 165 3550 1190 3655; baseline 0.009 -27"><span class='ocrx_word' id='word_1_210' title='bbox 165 3550 174 3557; x_wconf 67' lang='grc'><strong>”</strong></span> <span class='ocrx_word' id='word_1_211' title='bbox 237 3552 311 3629; x_wconf 53' lang='lat' dir='ltr'><strong>&#39;una</strong></span> <span class='ocrx_word' id='word_1_212' title='bbox 344 3563 482 3629; x_wconf 88' lang='lat' dir='ltr'><strong>tantum</strong></span> <span class='ocrx_word' id='word_1_213' title='bbox 511 3563 668 3631; x_wconf 86' lang='lat' dir='ltr'><strong>exstaret</strong></span> <span class='ocrx_word' id='word_1_214' title='bbox 704 3552 841 3645; x_wconf 80' lang='lat' dir='ltr'><strong>charta,</strong></span> <span class='ocrx_word' id='word_1_215' title='bbox 875 3581 965 3655; x_wconf 90' lang='lat' dir='ltr'><strong>quae</strong></span> <span class='ocrx_word' id='word_1_216' title='bbox 995 3560 1190 3637; x_wconf 86' lang='lat' dir='ltr'><strong>orationem</strong></span> 
     </span>
    </p>
   </div>
   <div class='ocr_carea' id='block_1_13' title="bbox 124 3666 1191 3774">
    <p class='ocr_par' dir='ltr' id='par_1_13' title="bbox 124 3666 1191 3774">
     <span class='ocr_line' id='line_1_30' title="bbox 124 3666 1191 3774; baseline 0.002 -29"><span class='ocrx_word' id='word_1_217' title='bbox 124 3712 161 3745; x_wconf 86' lang='grc'><strong>.·</strong></span> <span class='ocrx_word' id='word_1_218' title='bbox 242 3666 369 3769; x_wconf 89' lang='lat' dir='ltr'><strong>capitis</strong></span> <span class='ocrx_word' id='word_1_219' title='bbox 393 3668 562 3743; x_wconf 91' lang='lat' dir='ltr'><strong>tricesimi</strong></span> <span class='ocrx_word' id='word_1_220' title='bbox 587 3668 731 3771; x_wconf 85' lang='lat' dir='ltr'><strong>septimi</strong></span> <span class='ocrx_word' id='word_1_221' title='bbox 760 3669 843 3743; x_wconf 80' lang='lat' dir='ltr'><strong>inde</strong></span> <span class='ocrx_word' id='word_1_222' title='bbox 875 3698 895 3746; x_wconf 92' lang='lat' dir='ltr'><strong>a</strong></span> <span class='ocrx_word' id='word_1_223' title='bbox 928 3671 1191 3774; x_wconf 35' lang='lat' dir='ltr'><strong>verbissueque</strong></span> 
     </span>
    </p>
   </div>
   <div class='ocr_carea' id='block_1_14' title="bbox 195 3777 1241 4012">
    <p class='ocr_par' dir='ltr' id='par_1_14' title="bbox 195 3777 1241 4012">
     <span class='ocr_line' id='line_1_31' title="bbox 242 3777 1241 3892; baseline 0.004 -36"><span class='ocrx_word' id='word_1_224' title='bbox 242 3780 431 3856; x_wconf 83' lang='lat' dir='ltr'><strong>domarent</strong></span> <span class='ocrx_word' id='word_1_225' title='bbox 446 3781 542 3855; x_wconf 84' lang='lat' dir='ltr'><strong>alios</strong></span> <span class='ocrx_word' id='word_1_226' title='bbox 557 3808 675 3883; x_wconf 87' lang='lat' dir='ltr'><strong>usque</strong></span> <span class='ocrx_word' id='word_1_227' title='bbox 687 3781 732 3861; x_wconf 89' lang='lat' dir='ltr'><strong>ad</strong></span> <span class='ocrx_word' id='word_1_228' title='bbox 743 3777 929 3884; x_wconf 81' lang='lat' dir='ltr'><strong>sequentis</strong></span> <span class='ocrx_word' id='word_1_229' title='bbox 943 3787 1068 3887; x_wconf 90' lang='lat' dir='ltr'><strong>capitis</strong></span> <span class='ocrx_word' id='word_1_230' title='bbox 1082 3787 1189 3868; x_wconf 87' lang='lat' dir='ltr'><strong>verba</strong></span> <span class='ocrx_word' id='word_1_231' title='bbox 1205 3811 1241 3892; x_wconf 75' lang='lat' dir='ltr'><strong>qo</strong></span> 
     </span>
     <span class='ocr_line' id='line_1_32' title="bbox 195 3894 1216 4012; baseline -0.004 -32"><span class='ocrx_word' id='word_1_232' title='bbox 195 3894 205 3917; x_wconf 84' lang='grc'><strong><em>’</em></strong></span> <span class='ocrx_word' id='word_1_233' title='bbox 234 3894 527 3997; x_wconf 64' lang='lat' dir='ltr'><strong>triduanoque</strong></span> <span class='ocrx_word' id='word_1_234' title='bbox 551 3894 725 4001; x_wconf 78' lang='lat' dir='ltr'><strong>carthagi</strong></span> <span class='ocrx_word' id='word_1_235' title='bbox 756 3899 1070 4012; x_wconf 73' lang='lat' dir='ltr'><strong>complectebaturz</strong></span> <span class='ocrx_word' id='word_1_236' title='bbox 1095 3898 1189 3978; x_wconf 89' lang='lat' dir='ltr'><strong>idem</strong></span> <span class='ocrx_word' id='word_1_237' title='bbox 1214 3986 1216 3990; x_wconf 47' lang='grc'><strong>,</strong></span> 
     </span>
    </p>
   </div>
   <div class='ocr_carea' id='block_1_15' title="bbox 0 0 1341 4717">
    <p class='ocr_par' dir='ltr' id='par_1_15' title="bbox 0 0 1341 4717">
     <span class='ocr_line' id='line_1_33' title="bbox 0 0 1341 4717; baseline 0 0"><span class='ocrx_word' id='word_1_238' title='bbox 0 0 1341 4717; x_wconf 95' lang='lat' dir='ltr'><strong> </strong></span> 
     </span>
    </p>
   </div>
  </div>
 </body>
</html>
