2667 4717
67 2588 108 2697 ¹,
230 2684 231 2687 ,
270 2626 307 2683 ro
323 2620 412 2713 potu
456 2608 594 2685 irritum
635 2607 769 2711 lactum
811 2636 893 2685 esse
932 2611 1105 2714 legimus:
1150 2611 1265 2715 quibos

743 314 850 370 txvnt

320 460 400 537 loco
437 460 475 535 iu
508 458 691 562 plerisque
727 460 827 552 libris
859 461 1075 561 increpatis
1108 456 1306 536 inventum*

267 660 274 684 Ι
321 600 404 651 esse
428 572 559 649 dieitur
584 582 621 649 et
644 574 683 649 in
706 572 758 650 Br
781 577 953 667 increpas
976 582 1052 661 est,
1091 598 1142 647 ex
1173 570 1229 645 Bb
1257 583 1286 645 et

320 688 432 765 Palas
458 691 491 761 3.
516 688 720 788 increpitos
743 688 964 790 scripsimus,
988 712 1082 759 cum
1116 686 1189 759 bac
1220 710 1283 760 ora·

257 797 258 803 ¹
321 803 419 901 tione
456 799 633 875 Hannibal
662 802 824 902 inprimis
860 799 1089 875 Hasdrubali
1131 800 1284 877 videatur

286 912 541 1018 brespoudere
565 914 735 1007 voluisse,
757 942 826 990 nec
850 939 932 990 raro
954 912 994 987 id
1021 913 1134 1014 quod
1160 911 1281 987 ineius

247 1018 251 1031 ’
321 1028 462 1133 generis
499 1028 720 1105 orationibus
756 1027 869 1107 rideri
910 1036 1041 1129 potest
1083 1027 1134 1134 ad
1173 1025 1280 1127 plures

287 1144 516 1245 pertinere,
552 1140 597 1217 ad
632 1167 743 1217 unum
777 1142 1004 1243 potissimum
1043 1142 1094 1215 ab
1134 1140 1277 1239 antiquis

320 1255 556 1357 scriptoribus
587 1255 739 1331 relatum
768 1256 973 1356 reperiatur.
1032 1254 1092 1331 Et
1124 1280 1209 1331 cum
1237 1255 1275 1327 iu-
1307 1307 1309 1344 5

319 1369 461 1445 terdum
475 1366 559 1443 'non
582 1367 691 1443 modo
714 1367 923 1443 litterarum*
937 1368 1028 1444 ordo
1066 1370 1275 1461 immutatus,
1307 1353 1309 1422 l

192 1522 196 1537 =
270 1494 304 1549 ¹⁰
322 1483 388 1559 sed
412 1483 519 1557 etiam
545 1478 680 1557 similes
704 1478 793 1554 aliae
816 1508 883 1581 pro
907 1482 1013 1557 iustis
1047 1482 1199 1557 litterae
1226 1506 1274 1581 po

321 1596 412 1671 sitae
436 1593 695 1670 invenirentur:
722 1596 780 1681 30,
807 1597 864 1671 ts.
890 1620 956 1696 pro
975 1595 1184 1695 peditibus
1204 1594 1274 1669 scri

320 1709 407 1783 bere
430 1704 611 1809 equitibus
635 1704 713 1780 ausi
738 1730 862 1783 somus
886 1709 1024 1794 „simul
1045 1708 1219 1783 omnibus
1237 1704 1276 1799 (b

322 1847 363 1896 e..
382 1830 420 1895 et
447 1819 624 1921 praetoris
647 1829 704 1915 'et
722 1820 969 1919 proconsulis)
1005 1823 1214 1922 equitibus,
1243 1826 1273 1891 at
1301 1811 1310 1886 i

286 1983 289 1988 -
319 1958 467 2009 aversos
488 1926 617 2009 sidere
644 1931 868 2032 elephantos,
898 1933 952 2005 od
978 1934 1196 2035 aagendam
1217 1957 1273 2031 po-
1302 1955 1310 2042 q*

270 2060 304 2116 15
319 2074 442 2123 aorem
471 2071 518 2119 oc
547 2044 736 2118 tumultum
765 2046 931 2145 effusis.“
959 2042 1053 2122 haee
1089 2049 1186 2121 enim
1215 2067 1270 2122 vot
1303 2065 1310 2134 ‘q

223 2256 226 2263 μ
322 2187 403 2237 curn
428 2182 494 2259 per
518 2182 560 2233 se
583 2156 668 2233 huic
693 2156 773 2231 loeo
790 2160 975 2260 aptissima
1000 2162 1183 2250 videatur,
1208 2169 1269 2233 tum
1301 2195 1308 2331 q

324 2270 500 2373 superiori
532 2268 583 2341 illi
616 2269 697 2343 loco
734 2272 886 2347 maxime
917 2276 1179 2372 responderet,
1210 2292 1268 2371 quo

323 2393 492 2485 equestre
518 2380 700 2489 auxilium,
732 2382 869 2483 inquo
897 2391 1094 2461 maximum
1124 2386 1266 2489 positum
1302 2377 1308 2432 Ι

219 2548 221 2559 1
322 2498 439 2574 luerat
461 2494 633 2571 victoriae
657 2505 887 2588 momentum,
919 2497 1196 2599 elephantorum
1218 2498 1267 2570 irn-

158 2772 194 2808 u
323 2722 439 2799 beluis
476 2750 497 2795 a
526 2720 708 2822 peditibus
738 2720 893 2799 romanis
923 2728 1055 2826 partim
1092 2722 1264 2803 trucidatis
1309 2723 1310 2812 l

300 2840 453 2941 ,partim
476 2834 607 2934 sugatis
631 2834 702 2910 iam
726 2834 815 2909 nibil
841 2846 933 2927 erat,
973 2867 1037 2915 cur
1067 2844 1116 2916 in·
1140 2858 1262 2916 sumno
1309 2831 1310 2834 '

324 2947 530 3025 discrimine
560 2946 621 3021 nni
653 2948 797 3048 equites
825 2949 972 3027 dubium
1002 2954 1180 3055 proelium
1215 2970 1262 3021 ex·

199 3134 203 3149 ,
325 3062 444 3164 cipere
480 3059 626 3135 nollent.
664 3088 745 3137 cum
774 3062 885 3165 igitur
911 3067 949 3139 in
987 3069 1147 3170 antiquis
1176 3058 1261 3138 libris

171 3254 174 3263 Δ
273 3194 309 3253 tt
325 3174 460 3251 nostris
501 3175 566 3276 qui
605 3172 702 3249 haud
740 3170 822 3250 raro
865 3181 1077 3280 compendio
1120 3176 1260 3281 quodam

303 3278 498 3389 *scriptum
524 3295 561 3362 et
592 3286 629 3360 in
653 3286 686 3362 P
711 3290 817 3363 etiam
848 3292 934 3367 alias
963 3320 1012 3395 qu
1042 3322 1124 3370 cum
1154 3287 1261 3369 simili

138 3420 141 3430 ’
204 3480 209 3491 ,
324 3401 393 3477 bus
418 3399 548 3475 litteris
573 3400 759 3477 confusum
784 3403 843 3494 sit,
876 3432 948 3505 quo
978 3410 1110 3483 mendo
1138 3434 1189 3481 ex.
1219 3428 1259 3502 gr·

325 3515 383 3603 30,
420 3515 478 3587 99.
520 3513 694 3616 longinge
719 3551 723 3559 -
735 3541 802 3616 pro
838 3518 1059 3624 longinquae
1100 3521 1258 3620 scriptum

325 3633 398 3714 est,
434 3635 472 3700 et
505 3636 690 3727 praeterea
724 3656 796 3708 vox
830 3635 970 3733 equites
1002 3637 1041 3709 in
1079 3622 1259 3711 eodem'P

270 3762 307 3821 ao
324 3763 433 3838 saepe
454 3741 617 3842 aequites
640 3741 774 3844 scripta
807 3744 1022 3824 inveniatur:
1045 3748 1171 3823 mirum
1192 3761 1255 3815 11⁰ss

320 3849 515 3943 ridebitur,
545 3854 577 3933 si
605 3858 766 3935 veterem
791 3857 971 3937 librarium
999 3888 1070 3965 pro·
1096 3886 1140 3937 eo
1169 3846 1253 3955 quod
