2667 4717
628 266 966 351 'rvr‘'

177 463 180 468 ·
263 448 309 521 tis
334 404 450 557 usque
476 442 520 519 ad
545 381 653 521 verba
683 442 881 519 consulib
909 446 1216 543 aquioraelarrrir
1270 516 1278 537 ⁸
1325 421 1326 510 Ϊ

263 586 312 635 ιι
335 558 476 645 mrbus
500 558 689 646 classibus,
713 547 779 634 sed
802 559 891 639 baec
907 570 1089 659 postrema
1104 550 1215 637 verba

262 700 345 761 non
367 674 585 773 incorrupta,
622 670 751 748 deiude
787 673 914 772 capitis
953 702 1020 776 qm
1023 674 1225 776 dragesimi.

153 786 157 795 ’
264 788 412 869 secundi
437 814 457 859 a
481 788 599 863 verbis
624 812 712 862 roro
735 788 847 875 ,timul
866 786 1073 865 hominium
1096 815 1215 889 usque
1326 807 1327 878 ξ

138 912 142 939 “
228 904 309 981 sad
334 900 593 1003 quadragesimi
618 901 737 999 quarti
766 901 903 1002 capitis,
917 905 1030 977 risum
1054 930 1141 979 esse.

100 1004 104 1015 ⁵
270 1066 273 1073 ·
358 1014 449 1091 Cum
488 1014 544 1089 bis
574 1014 674 1089 libris
704 1014 981 1093 Berolinensem
1005 1017 1138 1116 quinti.
1154 1016 1216 1091 de-
1326 1043 1327 1120 ζ

134 1156 164 1229 ἦ
264 1132 345 1210 cimi
369 1128 503 1212 saeculi
536 1127 695 1204 codicem
725 1129 910 1208 Livianam
940 1133 1082 1206 tertiam
1112 1131 1217 1206 deca·
1326 1125 1327 1158 ³

175 1304 177 1317 .
263 1247 344 1324 dem
357 1242 673 1345 ¹'complectentem
704 1244 957 1347 principesque
984 1245 1216 1321 livianorum

230 1372 232 1377 '
264 1356 441 1436 annalium
466 1354 640 1446 editiones
666 1377 797 1459 magno
821 1384 906 1433 cum
927 1359 1046 1435 fructu
1070 1360 1216 1441 contuli.
1327 1432 1328 1437 ,

143 1546 149 1553 .
211 1492 248 1550 te
264 1472 323 1547 ille
342 1471 448 1570 euim
479 1469 569 1545 liber
600 1472 644 1543 ab
678 1470 785 1547 docto
816 1473 971 1573 quodam
1002 1474 1146 1552 bomine
1171 1500 1217 1549 ex
1324 1483 1328 1508 ¹

263 1587 369 1687 longe
395 1584 595 1683 antiquiore
621 1583 744 1662 codice
769 1611 814 1660 eo
838 1586 987 1689 consilio
1012 1588 1216 1688 descriptis

193 1765 194 1771 ,
265 1709 331 1788 cst,
357 1708 398 1776 ut
423 1698 454 1773 si
479 1696 556 1775 fieri
572 1708 708 1798 posset,
733 1698 1064 1776 difficilioreslocos
1081 1726 1215 1789 omnes,

265 1814 395 1914 quibus
410 1866 414 1875 ·
427 1809 561 1911 aliquid
591 1838 612 1885 a
641 1812 820 1915 prioribus
849 1813 1001 1888 librariis
1031 1824 1218 1916 peccatum
1323 1825 1327 1888 l

265 1936 378 2016 esset,
408 1926 667 2027 pervestigaret
696 1935 805 2025 atque
836 1926 1049 2003 emendaret
1087 1940 1125 2005 et
1154 1929 1220 2003 mi-
1325 1941 1326 1946 ’

213 2068 247 2125 ιι
264 2056 342 2121 rum
366 2040 529 2141 prolecto
564 2048 738 2138 quantum
759 2026 806 2113 'et
835 2040 898 2113 ille
928 2050 966 2115 et
994 2042 1060 2172 qui
1085 2042 1220 2120 Roma·

263 2177 346 2232 nam
360 2153 521 2252 primam
546 2150 738 2235 editionem
762 2164 986 2253 pararemmt,
1016 2154 1147 2231 iubae
1178 2185 1219 2233 re

176 2368 178 2377 ‚
265 2265 470 2351 difficillima
493 2275 623 2397 atque
645 2264 926 2377 laboriosissima
952 2270 1220 2371 praestitenrnt

266 2408 346 2457 eum
372 2379 466 2456 enirn
488 2379 528 2453 in
553 2366 811 2478 antiquissimis
823 2372 935 2465 libris
957 2382 1116 2460 Inrianis
1138 2412 1221 2487 per

152 2485 179 2553 ι’
266 2492 371 2575 multi
392 2493 462 2572 loci
486 2492 742 2582 invenirentur,
772 2493 910 2593 quiite
939 2506 982 2571 ut
1004 2497 1220 2588 irretiantur,

24 2697 25 2707 χ
104 2710 106 2713 ¹
165 2620 251 2715 ’,ιι
267 2634 393 2685 sanum
417 2607 622 2707 iustumque
647 2632 794 2683 sensum
823 2609 995 2709 praebere
1009 2636 1098 2684 ,non
1120 2608 1223 2687 vide.

266 2733 400 2810 rentur,
427 2719 525 2821 quod
550 2718 701 2801 subinde
717 2723 826 2797 verba
842 2718 1017 2821 quaedam
1033 2723 1071 2797 in
1087 2724 1141 2800 eis
1157 2751 1225 2799 ne*-

267 2838 442 2941 gligenter
464 2834 717 2936 praetermissa
748 2846 887 2910 essent:
911 2836 1134 2912 librariorum
1159 2865 1221 2914 cu
1241 2889 1244 2892 -
1330 2903 1331 2916 ,

265 2978 343 3029 ram
364 2948 603 3027 recentiorum
625 2948 663 3023 in
689 2974 733 3039 eo
754 2949 981 3079 potissimum
1004 2952 1138 3027 versari
1157 2978 1221 3034 ne
1330 3011 1331 3028 ,

203 3155 208 3163 „
267 3090 372 3143 casse
395 3074 484 3155 erat,
506 3072 548 3153 ut
571 3064 744 3169 inprimis
758 3064 797 3139 bi
816 3048 917 3138 loci
905 3091 946 3137 ιιι
965 3064 1143 3168 integrum
1163 3092 1220 3139 re-

101 3236 103 3247 .
216 3208 251 3265 ιι
269 3182 518 3271 stituerentor3
545 3184 687 3255 etcum
712 3176 923 3273 integriores
945 3176 1045 3275 libri,
1063 3206 1114 3254 ex
1143 3181 1257 3280 qui.

263 3296 337 3371 ,bus
368 3318 453 3390 vera
482 3291 631 3367 Liviana
668 3314 794 3367 manus
832 3293 1002 3395 cognosci
1032 3293 1223 3393 potuisset,

268 3402 356 3487 nulli
380 3400 631 3507 reperirentur,
655 3416 697 3480 ut
720 3405 952 3498 coniiciendo,
971 3407 1059 3508 quid
1076 3404 1224 3509 quoque

238 3568 241 3573 -
268 3517 349 3613 loco
374 3546 455 3597 cum
479 3517 618 3619 reliqua
641 3518 803 3594 oratione
827 3520 1011 3620 aptissime
1030 3520 1224 3598 cohaerere

269 3634 461 3723 rideretur,
489 3632 646 3736 neglecti
677 3632 754 3710 eius
786 3636 928 3736 generis
956 3634 1028 3711 loci
1055 3662 1226 3712 sanaren·

215 3778 253 3837 ιο
269 3758 338 3825 tur.
353 3748 429 3846 ¹sed
454 3746 505 3823 illi
530 3747 613 3822 boni
638 3746 803 3826 homines
827 3774 910 3827 cum
931 3749 970 3825 in
1001 3748 1072 3825 hoe
1101 3749 1227 3827 sudio

270 3874 516 3962 versarentur,
547 3886 619 3936 non
651 3884 793 3975 semper
824 3890 870 3939 ea
897 3888 966 3965 qua
989 3868 1111 3941 tantae
1133 3864 1228 3941 anti·

998 3979 1227 4077 ,ψ
