2667 4717
726 324 775 400 66

278 520 395 593 anceps
424 494 518 589 igitur
545 516 621 585 spes
648 462 755 561 metm
781 480 958 561 miscebant
989 491 1127 574 animost
1159 513 1243 558 con-

151 637 183 683 ·.
278 598 571 695 templantibusque
593 597 693 665 modo
715 601 807 665 su'am
833 596 932 664 modo
958 594 1101 669 bostium
1121 594 1244 713 aciem,

280 730 354 774 cum
377 703 477 793 oculis
500 702 600 795 magis
623 726 722 792 quam
742 702 866 772 ratione
887 712 1094 820 pensarent
1081 700 1176 780 vires,
1198 700 1244 766 si-

80 826 82 834 ’
179 868 188 879 ,
280 810 348 879 mul
368 788 453 895 laeta
467 806 563 876 simul
577 807 678 875 tristia
699 807 959 878 obversabantur.
982 822 1066 897 quae
1085 804 1162 897 ipsis
1178 828 1243 873 sua

101 987 105 1011 Ι
140 980 142 985 ,
244 924 396 1007 dsponte
409 935 476 981 non
490 908 727 995 srmcurrebimt,
750 927 788 980 ea
805 912 904 979 duces
918 910 1122 983 admonendo
1137 919 1242 999 atque

280 1018 439 1087 hortando
463 1017 694 1087 subiciebant.
716 1016 845 1085 Poenus
861 1015 1005 1087 sedecim
1026 1002 1185 1083 annorum
1204 1012 1243 1081 in

281 1134 372 1201 terra
383 1122 472 1191 ltalia
495 1144 547 1191 res
559 1131 674 1242 gestas,
698 1132 749 1189 tot
762 1122 861 1197 duces
881 1120 1070 1204 Romanos,
1077 1129 1128 1187 tot
1147 1142 1243 1185 exera

253 1227 376 1313 citus
392 1226 551 1295 occisione
580 1226 720 1310 occisos,
750 1237 786 1294 et
806 1250 864 1296 sua
893 1226 1010 1318 cuique
1022 1226 1159 1308 deeora,
1182 1222 1244 1289 ubi

40 1354 43 1369 ·
109 1300 113 1307 Ι
156 1384 157 1387 η
219 1318 224 1325 “
282 1330 355 1399 ad'
346 1316 504 1421 rubignem
535 1329 666 1399 alicuius
694 1354 821 1422 pugnae
842 1331 998 1400 memoria
1023 1330 1158 1411 militem
1186 1352 1245 1397 ve

179 1480 180 1483 ι
230 1450 265 1510 to
282 1447 382 1519 uerat,
397 1434 570 1525 referebat.
586 1434 875 1525 Scipiollispanias
890 1446 924 1503 et
937 1425 1246 1527 recentiaintllrica

282 1536 403 1633 praelia
425 1550 459 1608 et
481 1537 719 1629 confessionem⁸
735 1537 891 1623 bostium
919 1540 1008 1631 quod
1036 1564 1144 1631 neque
1173 1561 1246 1608 non

232 1675 235 1685 ·
282 1655 396 1736 petere
418 1666 534 1735 pacem
555 1628 688 1737 propter
702 1652 835 1717 ,merum
855 1666 965 1734 neque
986 1669 1118 1714 manere
1137 1642 1173 1711 in
1202 1666 1246 1711 ea

282 1772 359 1840 prae
381 1735 473 1820 insita
495 1746 606 1817 animis
628 1747 760 1837 perfidia
789 1748 1053 1835 parsimoniam
1078 1748 1143 1816 hoc
1166 1769 1244 1815 con·

105 1902 109 1916 .
281 1852 429 1945 loquium
449 1849 633 1919 Hannibalis
655 1850 689 1917 in
710 1860 837 1940 secreto
864 1848 1010 1919 habitum
1034 1877 1073 1921 ac
1100 1852 1245 1923 liberum
1320 1879 1326 1910 ι

138 1989 143 1997 ·
231 1980 265 2053 qq
282 1954 413 2049 fingenti
436 1979 519 2047 quae
534 1954 612 2039 vult
628 1954 736 2025 flectit
753 1955 920 2038 ominatur,
942 1956 1060 2047 quibus
1076 1958 1246 2048 quondam

193 2102 227 2119 --
283 2059 428 2153 auspiciis
455 2070 563 2151 patres
591 2082 705 2129 eorum
732 2060 773 2135 ad
801 2055 931 2151 aegras
957 2063 1169 2153 pugnaverint
1197 2063 1246 2131 iu·

283 2166 377 2248 sulas,
401 2188 438 2233 ea
461 2162 521 2233 illis
544 2164 735 2236 exeuntibus
755 2165 789 2231 ia
811 2164 911 2236 aciem
932 2166 1132 2256 portendisse
1148 2166 1245 2237 dees·
1328 2160 1330 2165 ’

215 2286 220 2302 ’
284 2266 396 2339 adesse
418 2267 517 2335 linem
540 2267 615 2336 belli
637 2292 676 2337 ac
697 2268 855 2338 laboris.
845 2294 878 2335 ιιι
900 2272 1046 2342 manibus
1061 2295 1134 2341 esse
1149 2295 1244 2363 prae·

285 2372 358 2441 dam
381 2371 590 2463 Carthaginis,
610 2372 752 2447 reditum
773 2373 930 2442 donmm
920 2399 955 2445 ιιι
971 2377 1116 2469 patriam,
1131 2377 1174 2443 ad
1189 2402 1245 2469 pa

230 2496 268 2555 uo
284 2488 406 2567 rentes,
440 2476 574 2559 liberos,
602 2478 755 2567 coniuges
784 2490 984 2571 penatesque
1012 2482 1101 2551 deos.
1134 2482 1244 2551 celsus

283 2564 365 2651 haec
387 2602 522 2670 corpore
544 2580 613 2647 vult
600 2590 701 2671 tuque
723 2582 767 2647 ita
788 2582 875 2651 laeto
897 2594 934 2652 ut
954 2584 1066 2655 vicisse
1087 2586 1153 2652 iam
1175 2606 1244 2653 cre

284 2684 378 2751 deres
392 2682 566 2751 dicebat.
557 2706 606 2751 ms
607 2684 684 2751 truit
706 2685 820 2753 deinde
841 2688 963 2777 primos
983 2690 1142 2773 hastatos,
1165 2701 1243 2782 post

221 2812 228 2831 ’·
286 2811 342 2857 eos
364 2787 537 2880 principem
558 2787 671 2856 triariis
691 2785 890 2905 postremam
913 2794 1014 2861 aciem
1035 2795 1158 2862 clausit.

285 2956 487 2971 m

376 3054 400 3106 1.
418 3068 485 3123 spes
503 3022 611 3108 medus:
629 3050 671 3107 Bb
688 3050 729 3125 L]
748 3069 811 3131 spes
836 3064 864 3109 et
887 3060 1033 3112 metus-
1054 3056 1106 3117 Po:
1132 3078 1243 3135 orrceps

286 3126 380 3219 igitur
397 3144 500 3196 metus.

375 3240 401 3297 b.
418 3240 615 3297 subiciebant:
634 3239 726 3299 borel.
749 3246 775 3299 3.
794 3239 836 3315 1.]
863 3246 1013 3302 subiiciunt
1031 3276 1065 3298 e-
1084 3243 1137 3320 llb:
1163 3250 1243 3305 sudi-

287 3325 373 3384 eient.
396 3322 446 3383 Pa·
466 3326 619 3387 subiciunt.

375 3430 403 3486 8.
421 3428 577 3487 occisione:
599 3428 655 3502 1³2]
680 3430 827 3491 occidione

166 3528 169 3535 ·
224 3506 232 3533 ³
357 3516 401 3573 13
418 3514 616 3592 carrisquium:
636 3518 676 3573 111)
692 3518 750 3591 Ρι]
769 3520 945 3602 colloquium.

355 3593 1241 3684 11.11111·ιιιι]1ιιοσιιι1ἰᾳίιιιι111111,]111111.·1111111411·

175 3744 183 3763 .
219 3730 222 3741 .
286 3685 387 3745 taren
395 3686 517 3761 dugenti,
535 3708 588 3765 quo
606 3689 681 3761 velit,
698 3690 833 3751 flecti.-
850 3696 893 3753 Br
909 3697 948 3755 11.
974 3697 1096 3756 liberum
1105 3699 1179 3775 fing
1180 3699 1243 3754 enti
1299 3754 1302 3760 .

157 3811 161 3821 .
285 3790 347 3849 quo
363 3771 427 3829 uult
440 3774 550 3847 flectit.

358 3867 400 3931 1fa
417 3866 464 3927 ad
477 3842 612 3947 legata
623 3877 821 3950 pugnantur
842 3878 972 3938 insulas.-
994 3878 1036 3939 Bb
1058 3878 1115 3950 Pe]
1136 3896 1241 3957 pagas-

284 3950 422 4029 1111111111
438 3953 554 4029 aegrae·
570 3957 679 4085 insulas.
768 3991 772 3997 ·
