2667 4717
456 367 460 375 ,
572 230 800 357 'far¹

207 452 355 523 cendinm
384 463 450 520 tam
478 452 612 545 lugubre
642 451 738 521 luisse
766 451 883 522 Poenis
912 476 1010 545 quam
1036 454 1063 522 si
1090 453 1160 545 ipsa
1186 497 1196 502 -
1288 472 1291 483 ’

207 558 367 651 Carthago
390 558 525 625 arderet.
547 557 588 624 de
617 556 759 677 perfugis
780 558 906 649 gravius
934 574 1032 649 qrram
1052 558 1094 626 de
1114 560 1160 625 la

206 664 310 757 gitivis
332 661 528 732 consultum:
555 661 694 730 nominis
720 660 824 728 Latini
851 662 907 753 qui
929 674 1033 748 erant,
1055 661 1162 779 securi

206 768 359 861 percussi,
380 764 548 835 Romani
539 790 572 832 ιιι
594 790 723 835 crucem
744 765 870 854 sublati

191 916 196 933 .
259 871 411 939 XLIV
447 870 556 951 Annis
579 883 652 953 ante
675 848 881 963 quadraginta
901 894 967 962 pax
988 894 1063 939 cnm
1085 822 1159 937 Car·
1196 872 1215 929 5

184 971 457 1066 ‘thagin'iensibus
484 988 650 1067 postremo
685 978 767 1045 lacta
803 985 871 1043 erat
897 977 939 1062 Q.
965 975 1093 1044 Lutatio
1121 976 1162 1043 A.

105 1148 109 1158 ,
201 1078 326 1149 Manlio
349 1079 543 1149 consulibus.
565 1078 687 1148 bellirm
713 1080 829 1148 initum
850 1080 939 1149 annis
965 1092 1041 1173 post
1061 1080 1163 1148 tribus

9 1230 10 1234 =
44 1176 46 1180 ¹
132 1254 149 1260 ..
208 1198 243 1255 et
269 1180 379 1278 v‘iginti
411 1185 448 1253 P.
479 1185 630 1254 Cornelio
662 1183 712 1253 Ti.
740 1177 934 1275 Sempronio
949 1186 1163 1269 consulibus,
1221 1180 1223 1185 ’

170 1370 174 1381 1
208 1291 333 1359 finitum
356 1287 407 1357 cst
428 1290 570 1381 septimo·
595 1290 721 1358 decimo
748 1294 831 1355 anno
859 1288 920 1357 Gn.
948 1289 1099 1363 Cornelio
1126 1289 1163 1357 P.
1211 1332 1214 1338 ,

206 1396 300 1465 Aelio
322 1394 428 1477 Paeto,
444 1394 636 1465 consulibus.
659 1418 757 1485 saepe
779 1403 892 1484 postea
913 1389 1099 1485 Scipionem
1120 1394 1163 1472 le
1181 1404 1217 1484 to
1239 1382 1244 1389 ⁴

152 1512 155 1517 '
208 1510 284 1569 runt
310 1498 442 1581 dixisse,
474 1498 524 1565 Ti.
551 1497 665 1565 Claudi
687 1497 829 1589 primum
855 1497 1064 1587 cupiditatem
1091 1500 1166 1567 dein

209 1604 269 1671 Cn.
293 1601 433 1670 Cornelii
454 1601 552 1670 fuisse
574 1602 608 1668 in
638 1606 739 1685 mora,
762 1603 957 1693 quominus
985 1604 1019 1671 id
1045 1604 1173 1673 bellum
1198 1597 1204 1613 ⁴

211 1708 308 1777 exitio
331 1706 666 1798 Carthaginisfiniret
1029 1721 1033 1729 '

298 1807 482 1901 Carthagini
510 1834 585 1897 cum
611 1810 715 1901 prima
743 1812 880 1881 conlatio
916 1813 1072 1904 pecuniae
1099 1812 1166 1882 din·
1244 1813 1247 1819 ’

157 1923 164 1933 “
210 1919 277 1994 tino
298 1916 384 1987 bello
401 1914 571 2008 exhaustis
593 1913 729 1996 difficilis
754 1916 918 1994 videretur
943 1917 1171 2009 maestitiaque
1185 1934 1218 1993 to

135 2020 138 2025 ’
212 2028 248 2092 ει
277 2022 380 2090 fletus‘
398 2020 433 2085 in
462 2019 548 2085 curia
562 2030 677 2101 esset,
702 2020 862 2087 ridentem
885 2020 1097 2089 Hannibalem
1123 2022 1168 2092 fe·
1235 2084 1242 2106 ,
1295 2017 1298 2023 ’

209 2136 286 2199 runt
310 2120 534 2214 conspectum..
553 2122 643 2190 cuins
670 2146 745 2189 curn
764 2122 946 2192 Hasdrubal
962 2125 1102 2194 vHaedus
1128 2127 1188 2195 ιι·

208 2218 285 2300 sum
306 2230 486 2319 increparet
505 2226 539 2292 in
560 2227 689 2319 publico
715 2228 810 2313 fletu,
838 2251 912 2295 curn
938 2227 1008 2319 ipse
1027 2229 1168 2313 lacrima·

123 2364 126 2369 ·
213 2360 286 2402 rum
307 2356 401 2401 causa
425 2342 524 2400 esset:
547 2332 716 2452 „siquem
738 2332 779 2398 ad
801 2332 934 2399 modum
956 2331 1019 2401 oris
1040 2333 1168 2420 habitus

216 2438 355 2507 cernitur
377 2436 503 2505 oculis“
530 2434 636 2527 inquit
657 2436 724 2521 „sic
750 2447 785 2505 et
812 2436 936 2504 animus
966 2436 1052 2506 intus
1082 2438 1169 2507 cerni
1185 2445 1222 2507 20
1316 2440 1319 2447 ’

152 2530 155 2535 ’
186 2571 191 2581 “
217 2552 337 2636 posset,
357 2541 450 2610 facile
471 2538 563 2627 vobis
586 2552 765 2632 appareret,
785 2564 852 2608 non
878 2540 954 2609 laeti
979 2541 1037 2610 sed
1063 2567 1168 2635 prope
1265 2620 1269 2626 ,

179 2720 182 2729 .
215 2657 323 2717 ament
324 2646 350 2714 is
309 2643 470 2717 tmalis
497 2620 602 2713 cordis
627 2646 716 2715 hunc
744 2670 843 2737 quem
869 2645 1051 2737 increpitas
1066 2648 1169 2716 risum
1291 2642 1295 2649 ’

216 2776 303 2823 esse.
326 2751 383 2842 qui
403 2759 528 2839 tamen
526 2773 740 2868 nequaquam
762 2752 843 2819 adeo
862 2762 912 2850 cst
919 2751 1168 2843 intempestivus
1255 2795 1258 2807 ι

217 2946 420 2965 w

307 3064 333 3120 1.
350 3060 378 3115 si
394 3059 461 3135 ipsa
480 3054 634 3146 Carthago
653 3057 845 3118 assererent
863 3058 943 3133 F]
918 3080 944 3117 ει
962 3062 1044 3119 turn'
1034 3078 1094 3139 ipsa
1105 3059 1172 3119 Car·

219 3150 282 3225 theg
266 3166 299 3204 ro
316 3145 428 3204 arderet.

185 3253 191 3264 ⁴
228 3281 232 3288 .
309 3236 336 3303 9.
356 3232 411 3292 Gn.
431 3232 583 3291 Cornelio.-
601 3231 641 3306 L]
660 3232 713 3294 Cn.
729 3232 918 3294 Cornelio.-
936 3233 992 3289 Bb.
1011 3236 1097 3292 Cli.

220 3408 276 3467 di
292 3324 335 3381 10.
350 3318 520 3395 Scipionem
540 3316 648 3395 serum
666 3321 801 3381 dixisse.
822 3319 882 3393 Bb]
905 3320 995 3379 icrunt
1017 3320 1172 3398 Scipionem

249 3428 330 3469 urnae.

291 3500 334 3555 11.
346 3492 477 3566 Claudi.-
496 3493 537 3550 Bb
555 3492 611 3567 Pa]
630 3493 746 3554 Claudii.

292 3587 335 3642 11.
354 3581 437 3638 dein:
454 3578 513 3653 Bb]
538 3580 643 3642 deinde.
698 3587 699 3590 ’
825 3576 829 3583 ’

292 3672 335 3730 ιι.
352 3666 498 3725 conlatio.-
515 3666 556 3723 Bb
574 3668 630 3741 Pa]
657 3667 772 3725 collatio.

291 3758 336 3815 99
354 3773 438 3832 quam
455 3754 631 3829 increpitas.-
646 3755 706 3828 Bb]
720 3756 1008 3881 puemincrepatisn-
976 3755 1072 3815 ·-':Br
1090 3767 1175 3832 quem

133 3840 135 3849 ’
194 3891 198 3897 .
222 3848 365 3917 increpas.

292 3935 337 3993 93.
353 3928 638 4001 intempestivita-
603 3928 712 3987 -ιΒιι
733 3930 952 4007 intmrpestioia,
