2667 4717
127 186 157 225 ‘l

609 318 660 364 xl!

159 464 219 540 ille
248 464 305 539 vir
338 460 493 562 optimus
526 458 697 561 reliquam
724 458 831 535 huius
862 459 942 533 libri
971 451 1112 578 partem

155 606 206 663 cx
221 576 270 653 alt
254 586 332 653 tero
343 574 507 651 Parisino
521 574 680 651 eiusdem
699 573 843 650 decadis
857 572 980 649 codice
998 557 1108 672 (num.

161 688 581 791 5731)qu1Puteaneo
606 688 788 791 proximus
805 700 882 763 erat
896 698 1023 775 aetate,
1047 688 1109 763 de-

160 806 314 907 scripsit,
339 803 439 879 unde
453 799 610 905 corrupti
629 802 773 909 quidam
789 802 869 893 loci‚‘
892 804 938 879 dc
957 828 1109 904 qnorum

84 970 90 983 ·
123 918 405 1007 ⁵emendatione
430 917 641 1019 quibusdam
665 916 867 993 hominibus
898 917 1014 993 doctis
1038 917 1109 991 iam

40 1096 42 1104 .
159 1032 419 1135 desperandum
431 1023 548 1108 visum
560 1043 650 1129 erat,⁴
658 1032 946 1134 itainintegrum
965 1031 1109 1134 restitui

55 1212 59 1229 .
158 1158 334 1250 poterant,
358 1158 399 1222 ut
422 1148 468 1222 de
493 1172 616 1223 eorum
640 1147 844 1249 integritate
868 1171 942 1220 non
957 1144 1107 1247 amplius
1142 1214 1148 1223 ,
1174 1156 1177 1161 ’

158 1260 391 1337 dubitandum
416 1272 531 1337 essct
551 1288 595 1336 ex
618 1260 688 1338 hoo
701 1283 843 1362 'genere
867 1260 1012 1341 fuerunt
1031 1270 1108 1334 tres

58 1424 61 1433 ι
158 1377 384 1481 potissimum
412 1374 499 1449 loci:
538 1374 674 1476 primus
706 1400 750 1449 cx
780 1376 896 1475 capite
925 1372 1108 1448 tricesimo

107 1500 141 1555 1⁰
159 1491 295 1592 quinto,
321 1515 393 1590 quo
417 1488 497 1563 loco
522 1515 612 1563 cum
627 1490 665 1563 in
691 1488 874 1565 codicibus
898 1512 1004 1563 manu
1023 1486 1109 1563 scri-

157 1605 230 1707 ptis
255 1602 313 1678 vel
338 1602 392 1677 ud
412 1602 536 1678 decem
560 1600 617 1677 vel
643 1602 697 1676 ud
717 1628 747 1677 n
774 1601 1002 1692 inveniretur,
1028 1600 1109 1676 Car.

157 1718 326 1819 Sigonius
350 1719 508 1792 victores
532 1717 585 1790 ud
605 1716 679 1792 duo
699 1718 820 1791 millia
838 1715 1004 1800 cecidere
1021 1714 1110 1789 scri·

157 1832 240 1934 psit,
264 1840 306 1905 ut
330 1830 477 1907 Liviana
500 1830 625 1906 relatio
650 1832 768 1906 minus
793 1831 938 1905 abesset
961 1854 982 1903 a
1003 1828 1109 1928 Poly-

157 1946 280 2019 biana:
295 1955 403 2046 atquc
426 1944 477 2019 ita
499 1946 720 2020 recentiores
746 1969 870 2019 omnes
904 1941 1013 2018 scribi
1036 1942 1110 2016 ius-

107 2072 140 2151 15
159 2068 293 2149 serunt,
317 2081 533 2159 quamquam
556 2059 594 2131 id
620 2058 718 2158 quod
742 2060 780 2133 in
801 2057 912 2146 Palat.
937 2059 982 2147 3.,
1007 2057 1108 2156 cuius

33 2252 34 2259 ,
151 2174 238 2251 libri
261 2173 375 2249 vittus
400 2171 433 2245 J.
454 2170 684 2267 Gebhardum
704 2171 1108 2272 omniuopraeterierat,
1195 2235 1196 2238 ,

155 2290 315 2362 victores
339 2282 392 2357 ad
412 2284 514 2358 mille
538 2296 574 2359 ct
598 2283 640 2365 C.
667 2284 890 2371 ceciderant,
915 2285 960 2360 ad
983 2310 1108 2363 verum

25 2422 28 2429 ⁴
157 2398 408 2479 inveniendum
432 2398 564 2472 ducere
588 2408 738 2498 poterat
768 2400 807 2472 in
837 2399 907 2473 boc
936 2400 1046 2501 igitur
1068 2399 1163 2472 li·v
1302 2417 1306 2421 ·

158 2518 231 2590 bro·
255 2508 418 2587 Parisino
450 2512 546 2585 idem
578 2512 676 2612 quod
706 2512 802 2614 apud
831 2511 1020 2614 Polybium
1052 2519 1107 2602 15,

79 2648 141 2703 nno
162 2634 215 2703 14.
240 2632 273 2701 9.
299 2626 470 2726 scriptum
496 2634 560 2716 est,
585 2627 623 2699 in
648 2651 814 2727 supremo
835 2624 897 2702 illo
916 2627 997 2703 c'um
1014 2626 1108 2700 Han-

157 2740 275 2829 nibale
299 2740 435 2841 proelio
465 2738 707 2813 Romanorum
740 2739 794 2813 od
815 2741 928 2814 mille'
944 2750 983 2816 et
1005 2742 1108 2843 quin·
1239 2807 1244 2814 .

154 2847 285 2958 gentos
308 2851 503 2927 cecidisse:
527 2853 564 2927 id
596 2854 695 2955 quod
723 2855 947 2930 verissimum
977 2852 1108 2929 baben·
1208 2868 1211 2872 ’

158 2970 243 3043 dum
268 2976 334 3057 est,
358 2978 435 3042 tum
461 2968 558 3069 quod
574 2968 716 3046 Livium
734 2970 772 3043 in
795 2969 852 3045 bis
873 2970 981 3045 rebus
998 2996 1108 3044 unum

161 3082 345 3183 Polybium
369 3091 531 3159 secutum
557 3108 638 3159 csse
664 3091 815 3172 constat,
846 3090 923 3156 tum'
949 3083 1047 3183 quod
1070 3084 1107 3155 in
1195 3088 1200 3099 '

19 3240 42 3285 η
98 3218 141 3277 no
160 3196 414 3297 bambergensi
450 3196 622 3298 scriptum
658 3207 716 3273 est
744 3201 902 3274 uictores
933 3196 987 3270 od
1013 3224 1042 3271 a·
1071 3208 1108 3271 et

158 3310 334 3401 cecidere,
359 3312 461 3387 cuius
487 3310 620 3386 codicis
637 3310 817 3417 librarium
836 3312 942 3386 ctiam
960 3310 1038 3386 aliis
1057 3312 1108 3386 lo·
1225 3391 1227 3394 ,

158 3428 209 3501 cis
234 3424 470 3501 litteraede
471 3426 530 3501 tl
550 3452 718 3502 numeros
739 3425 957 3527 explicantes
976 3410 1108 3500 lelellc·
1134 3508 1140 3519 ἱ

157 3551 246 3617 rant
277 3539 367 3614 alter
396 3540 497 3615 locus
527 3550 599 3617 est
621 3541 659 3614 in
691 3541 806 3643 capite
838 3540 1108 3644 quadragesimo

159 3653 328 3744 secundo,
349 3654 413 3741 ubi
440 3654 555 3731 adbuc
588 3656 810 3731 scribebatur
839 3653 886 3730 de
914 3653 973 3729 bis
1002 3653 1109 3728 rebus
1210 3648 1215 3653 ’

105 3792 141 3847 ao
159 3771 380 3871 interrogati
403 3763 628 3845 Macedones
657 3796 737 3845 cum
760 3770 941 3873 perplexe
963 3793 1108 3868 respon-

159 3884 297 3971 derent,
323 3884 398 3983 ipsi
416 3894 501 3959 onte
517 3908 726 3985 responsum
744 3885 921 3961 tolerunt:
939 3907 1012 3986 quo
1028 3881 1122 3988 loco
