2667 4717
688 308 759 357 xm

111 441 114 449 ’
195 438 198 443 ’
248 412 430 559 scriptum·
452 454 561 527 esset.
602 449 664 527 Sic
697 451 803 527 etiam
836 452 896 543 30,
919 452 978 527 3³.
1002 453 1072 526 iam
1097 452 1135 527 in
1150 450 1213 528 Br

245 569 421 673 scriptum
438 577 495 643 est
511 564 796 668 applicantesse
811 567 1075 670 antesignanis,
1094 593 1209 668 quem

248 685 293 760 ad
317 682 463 759 modum
487 680 745 757 emendandum
775 680 892 783 visum
926 690 1012 772 erat,
1043 681 1140 783 quod
1166 683 1210 757 in
1322 689 1323 756 Ῐ

187 794 189 803 ’
248 798 506 901 antiquioribus
537 794 637 872 libris
675 820 788 897 pauca
807 805 811 809 ’
828 794 1054 871 excidissent.
1091 805 1209 896 atque

210 915 297 991 sita
321 924 359 991 et
383 938 450 988 nos
475 913 513 986 in
537 908 593 985 Bb
618 909 718 992 Pala
742 909 965 1011 repperimus
990 905 1210 1012 adplicuisse

244 1029 374 1132 signis,
406 1046 487 1103 cum
501 1078 506 1093 .
520 1023 753 1127 adplicantes
782 1050 823 1098 se
852 1025 981 1126 signis,
1016 1035 1058 1101 ut
1090 1044 1206 1127 saepe

245 1144 331 1219 alias
350 1151 504 1218 erratum
523 1150 590 1230 est,
615 1137 843 1213 scribendum
857 1137 995 1215 suisset.
1021 1138 1087 1216 sed
1103 1141 1206 1242 quod

229 1256 296 1331 -illi
327 1282 394 1357 pro
424 1256 544 1356 signis
574 1253 683 1329 scribi
714 1250 916 1330 'voluerunt
937 1256 1205 1357 antesignanis,

239 1392 387 1465 *errasse
424 1365 607 1457 videntur,
651 1392 726 1440 non
762 1376 835 1441 tam
877 1366 975 1470 quod
1015 1367 1085 1441 hoc
1120 1367 1204 1443 loco
1323 1385 1324 1422 ³

193 1498 229 1554 1⁰
245 1488 355 1588 signa
379 1507 444 1584 pro
470 1479 661 1556 ordinibus
684 1482 778 1582 ipsis
801 1480 896 1574 dicta
928 1503 1010 1556 esse
1035 1493 1204 1583 possunt,

246 1624 353 1700 quam
380 1593 477 1697 quod
502 1594 627 1672 Livius
657 1599 737 1697 ipsa
766 1594 825 1668 illa
858 1597 971 1696 spatia
998 1594 1090 1697 quae
1114 1606 1205 1698 post

129 1806 130 1809 Ἴ
161 1734 165 1747 ·
245 1710 407 1813 singulos
432 1706 577 1785 ordines
609 1718 726 1799 erant,
755 1709 817 1783 ubi
851 1710 952 1811 signa
983 1710 1112 1785 instrui
1142 1736 1204 1787 so·
1317 1723 1323 1764 ι·

244 1823 379 1915 lebant,
410 1823 609 1926 significare
638 1823 783 1899 videtur
811 1824 988 1900 votuisse:
1024 1824 1074 1898 ibi
1105 1824 1218 1924 enim·
1318 1835 1319 1866 i

243 1940 371 2019 velites
396 1939 575 2015 tutissime
594 1936 776 2039 fugiebant
798 1937 1067 2039 elephantorum
1090 1938 1204 2040 impe·

192 2066 226 2123 15
243 2066 314 2146 tus,
330 2079 399 2131 nec
412 2052 681 2127 committebant
694 2061 735 2126 ut
749 2053 806 2127 sui
818 2052 1057 2129 turbarentur.
1080 2050 1219 2136 Multox
1321 2137 1322 2150 χ

245 2170 349 2244 etiam
375 2167 479 2265 peius
503 2163 646 2271 videtur
671 2165 762 2240 alter
785 2165 886 2245 locus
910 2168 949 2242 in
974 2164 1101 2242 eodem
1125 2192 1202 2271 cap.
1318 2157 1322 2168 ¹

114 2268 140 2297 ⁴
244 2280 302 2356 33.
333 2286 506 2353 tractatus
539 2300 637 2365 esse,
667 2267 743 2349 ubi'
759 2273 797 2348 in
827 2275 877 2355 Pa
907 2275 1052 2377 quidem
1083 2281 1202 2355 omnia

242 2392 455 2469 'exciderunt
487 2414 579 2489 quae
609 2387 704 2461 inter
722 2389 910 2492 fecissent
944 2400 982 2465 et
1009 2392 1202 2469 cessabant

243 2507 405 2597 fuerant,'
421 2503 487 2581 sed
510 2503 573 2578 ubi
592 2496 636 2575 in
659 2502 722 2576 Bo
742 2503 915 2605 scriptum
941 2513 998 2579 est
1022 2508 1201 2611 utrimque

68 2701 74 2712 .
170 2610 470 2707 ,meonitiebant
494 2617 698 2718 tasignanis
722 2618 924 2708 cessabant,
954 2618 999 2720 ἱιιι
1022 2618 1054 2692 L
1085 2623 1200 2696 utrin-

205 2797 209 2805 ,
243 2761 312 2841 qne
342 2730 574 2809 coniciebant
605 2732 859 2833 antesignanis
889 2730 1089 2808 cessabant.
1119 2761 1199 2811 cum

242 2849 339 2924 enim
363 2842 402 2921 in
425 2846 483 2920 Bb
508 2845 552 2919 ab
581 2844 684 2918 initio
716 2846 863 2920 aiterum
895 2845 983 2920 illud
1014 2873 1062 2920 an
1094 2849 1199 2925 omis·

148 2950 150 2957 ¹
244 2956 325 3039 sum
351 2960 472 3037 etalt.
497 2986 543 3034 m.
570 2958 714 3034 denium
738 2952 847 3061 su'pra
878 2959 1008 3034 lineam
1039 2960 1197 3039 additum

244 3085 353 3167 esset,
377 3074 435 3154 vel
458 3072 530 3148 hoc
558 3073 675 3174 ipsum
700 3100 769 3149 nos
799 3073 929 3149 docere
959 3086 1115 3175 poterat,
1146 3079 1198 3153 ni-

191 3210 226 3265 25
243 3190 295 3265 bil
318 3214 466 3292 prorsus
497 3214 518 3273 a
547 3186 651 3264 Livio
681 3186 776 3261 inter
807 3189 1038 3262 coniciebant
1068 3200 1106 3265 et
1135 3218 1203 3293 ‘m‘

204 3361 213 3367 .-
244 3298 374 3407 tesign.
411 3301 569 3403 positum
604 3300 734 3390 inisse,
764 3302 975 3401 praesertim
1002 3329 1094 3386 cum
1131 3330 1210 3407 pro<

244 3418 392 3495 Liviana
429 3413 609 3491 scribendi
644 3418 783 3491 ratione
819 3415 963 3492 omnino
1004 3416 1093 3495 nihil
1138 3418 1196 3493 de·

245 3532 471 3610 sideraretur.
511 3529 549 3605 iu
590 3554 663 3604 uno
708 3529 804 3626 exitu
847 3530 947 3613 vocis
989 3534 1196 3637 antesigna-

245 3648 304 3723 nis
326 3643 493 3721 mendum
519 3642 699 3745 quoddam
722 3642 871 3735 latebat,
895 3672 976 3721 cum
1005 3646 1056 3721 ibi
1083 3674 1105 3721 s
1132 3673 1194 3748 pro

192 3781 228 3838 so
245 3788 269 3835 n
304 3760 480 3861 scriptum
517 3758 715 3842 videretuu
752 3758 790 3835 id
820 3760 916 3859 quod
955 3760 1081 3835 mirum
1114 3786 1196 3837 esse

245 3900 317 3951 non
347 3879 498 3983 poterat,
538 3897 616 3952 cum
654 3896 727 3979 pon
760 3872 867 3949 modo
904 3898 1012 3976 saepe
1032 3875 1196 3976 ¹nomini·
